{"gold_per_floor":[115,115,134,134,154,199,199,247,247,272,272,306,333,366,366,468,468,500,120,153,174,199,246,270,306,306,339,354,378,378],"floor_reached":30,"playtime":3050,"items_purged":["Defend_P"],"score":662,"play_id":"fb65dde5-66e6-417d-b9c8-cd88a422bc13","local_time":"20220429141400","is_ascension_mode":true,"campfire_choices":[{"data":"Eruption","floor":7,"key":"SMITH"},{"data":"WheelKick","floor":11,"key":"SMITH"},{"floor":15,"key":"REST"}],"neow_cost":"NONE","seed_source_timestamp":647223817594900,"shop_contents":[{"floor":19,"relics":["Omamori","Pear"],"cards":["EmptyFist","Protect","Evaluate","Fasting2","Bandage Up","Transmutation"],"potions":["SpeedPotion","Dexterity Potion"]}],"circlet_count":0,"master_deck":["AscendersBane","Strike_P+1","Strike_P","Strike_P","Strike_P","Defend_P","Defend_P","Defend_P","Eruption+1","Vigilance","Crescendo","JustLucky","MentalFortress","FlyingSleeves","WheelKick+1","FearNoEvil+1","Scrawl","Swivel","Blasphemy","FearNoEvil","Tantrum","CutThroughFate","BowlingBash","CutThroughFate"],"potion_use_per_floor":[[],[],[],[],[],["AttackPotion","Explosive Potion"],[],[],[],[],[],[],[],[],[],[],[],[],[],["Explosive Potion"],[],[],["Regen Potion","Energy Potion"],["Dexterity Potion"],[],[],["Dexterity Potion"],["Explosive Potion"],[],["Strength Potion"]],"relics":["Black Star","Golden Idol","CeramicFish","Ginger","Matryoshka","Eternal Feather","Potion Belt","CaptainsWheel","PreservedInsect","Ancient Tea Set","Runic Dome","ClockworkSouvenir","Bronze Scales","Whetstone","Kunai","StrikeDummy","Singing Bowl","Happy Flower","Smiling Mask"],"potions_floor_usage":[6,6,20,23,23,24,27,28,30],"damage_taken":[{"damage":10,"enemies":"Small Slimes","floor":1,"turns":6},{"damage":0,"enemies":"Cultist","floor":3,"turns":4},{"damage":0,"enemies":"Jaw Worm","floor":5,"turns":3},{"damage":21,"enemies":"3 Sentries","floor":6,"turns":9},{"damage":24,"enemies":"Lagavulin","floor":8,"turns":7},{"damage":3,"enemies":"2 Fungi Beasts","floor":10,"turns":3},{"damage":7,"enemies":"Looter","floor":12,"turns":3},{"damage":8,"enemies":"Blue Slaver","floor":14,"turns":2},{"damage":15,"enemies":"The Guardian","floor":16,"turns":7},{"damage":0,"enemies":"Shell Parasite","floor":18,"turns":1},{"damage":0,"enemies":"3 Byrds","floor":20,"turns":3},{"damage":18,"enemies":"Shelled Parasite and Fungi","floor":21,"turns":3},{"damage":2,"enemies":"Snecko","floor":22,"turns":4},{"damage":15,"enemies":"Gremlin Leader","floor":23,"turns":3},{"damage":0,"enemies":"Snake Plant","floor":24,"turns":2},{"damage":20,"enemies":"Slavers","floor":25,"turns":3},{"damage":0,"enemies":"Gremlin Leader","floor":27,"turns":2},{"damage":0,"enemies":"3 Cultists","floor":28,"turns":2},{"damage":9,"enemies":"Shelled Parasite and Fungi","floor":29,"turns":2},{"damage":4,"enemies":"Chosen and Byrds","floor":30,"turns":2}],"seed_played":"-354968663994517371","neow_bonus_log":{"cardsObtained":[],"cardsUpgraded":[],"cardsRemoved":[],"cardsTransformed":[],"relicsObtained":["Black Star"],"maxHpGained":0,"goldGained":0,"damageTaken":0,"goldLost":0,"maxHpLost":0},"potions_obtained":[{"floor":3,"key":"AttackPotion"},{"floor":5,"key":"Explosive Potion"},{"floor":8,"key":"Energy Potion"},{"floor":16,"key":"Dexterity Potion"},{"floor":22,"key":"Regen Potion"},{"floor":25,"key":"Dexterity Potion"},{"floor":27,"key":"Explosive Potion"},{"floor":28,"key":"Strength Potion"}],"is_trial":false,"path_per_floor":["M","?","M","?","M","E","R","E","T","M","R","M","T","M","R","B",null,"M","$","M","M","M","E","M","E","T","E","M","M","M"],"character_chosen":"WATCHER","items_purchased":["Tantrum","ClockworkSouvenir","Explosive Potion"],"campfire_rested":1,"item_purchase_floors":[19,19,19],"current_hp_per_floor":[51,68,68,62,62,41,41,17,17,14,23,16,16,8,35,20,52,52,52,52,34,32,26,26,6,6,8,10,3,0],"gold":378,"neow_bonus":"BOSS_RELIC","is_prod":false,"is_daily":false,"rewards_skipped":[],"chose_seed":false,"campfire_upgraded":2,"win_rate":0,"floor_exit_playtime":[123,135,219,225,291,696,702,1081,1087,1156,1214,1254,1263,1304,1308,1463,1517,1592,1686,1811,1972,2153,2316,2488,2598,2604,2723,2823,2919],"timestamp":1651256040,"path_taken":["M","?","M","?","M","E","R","E","T","M","R","?","?","M","R","BOSS","M","$","M","M","?","E","M","E","T","E","M","?","?"],"build_version":"2022-03-07","purchased_purges":1,"victory":false,"max_hp_per_floor":[68,68,68,62,62,62,62,62,62,62,62,62,62,62,62,62,62,62,62,62,62,62,62,62,62,62,64,66,68,68],"relic_stats":{"Singing Bowl":6,"Happy Flower":[2],"counters":[20,71],"Golden Idol":103,"CeramicFish":99,"Eternal Feather":18,"PreservedInsect":138,"Ginger":[4],"Whetstone":["FearNoEvil","Strike_P"],"Ancient Tea Set":[2],"Smiling Mask":0,"Matryoshka":2,"Bronze Scales":[24],"Black Star":5,"Kunai":[7],"obtain_stats":[{"Potion Belt":9,"Singing Bowl":26,"Happy Flower":27,"Golden Idol":4,"CeramicFish":6,"Eternal Feather":8,"PreservedInsect":13,"Ginger":6,"Whetstone":23,"Ancient Tea Set":13,"Smiling Mask":27,"ClockworkSouvenir":19,"Runic Dome":17,"CaptainsWheel":9,"Matryoshka":8,"Bronze Scales":23,"Black Star":0,"Kunai":25,"PureWater":0,"StrikeDummy":25},{"Potion Belt":5,"Singing Bowl":16,"Happy Flower":17,"Golden Idol":2,"CeramicFish":4,"Eternal Feather":5,"PreservedInsect":7,"Ginger":4,"Whetstone":14,"Ancient Tea Set":7,"Smiling Mask":17,"ClockworkSouvenir":10,"Runic Dome":9,"CaptainsWheel":5,"Matryoshka":5,"Bronze Scales":14,"Black Star":0,"Kunai":16,"PureWater":0,"StrikeDummy":16},{"Potion Belt":29,"Singing Bowl":63,"Happy Flower":65,"Golden Idol":10,"CeramicFish":22,"Eternal Feather":29,"PreservedInsect":35,"Ginger":22,"Whetstone":58,"Ancient Tea Set":35,"Smiling Mask":65,"ClockworkSouvenir":45,"Runic Dome":44,"CaptainsWheel":29,"Matryoshka":29,"Bronze Scales":58,"Black Star":0,"Kunai":63,"PureWater":0,"StrikeDummy":63}]},"card_choices":[{"not_picked":["EmptyBody","Prostrate"],"picked":"Crescendo","floor":1},{"not_picked":["Evaluate","Pray"],"picked":"JustLucky","floor":3},{"not_picked":["Wireheading","Collect"],"picked":"MentalFortress","floor":5},{"not_picked":["Fasting2","MentalFortress"],"picked":"FlyingSleeves","floor":6},{"not_picked":["Collect","ClearTheMind"],"picked":"WheelKick","floor":8},{"not_picked":["Crescendo","EmptyBody"],"picked":"FearNoEvil","floor":10},{"not_picked":["LikeWater","PathToVictory"],"picked":"Scrawl","floor":12},{"not_picked":["JustLucky","Prostrate"],"picked":"Swivel","floor":14},{"not_picked":["Alpha","SpiritShield"],"picked":"Blasphemy","floor":16},{"not_picked":["EmptyBody","SashWhip"],"picked":"FearNoEvil","floor":18},{"not_picked":["Prostrate","Perseverance"],"picked":"CutThroughFate","floor":20},{"not_picked":["CarveReality","JustLucky","Protect"],"picked":"SKIP","floor":21},{"not_picked":["Wireheading","Consecrate","Crescendo"],"picked":"SKIP","floor":22},{"not_picked":["MentalFortress","Perseverance"],"picked":"BowlingBash","floor":23},{"not_picked":["EmptyFist","Consecrate"],"picked":"CutThroughFate","floor":24},{"not_picked":["EmptyFist","ClearTheMind","Consecrate"],"picked":"SKIP","floor":25},{"not_picked":["Establishment","JustLucky","Perseverance"],"picked":"Singing Bowl","floor":27},{"not_picked":["FollowUp","BattleHymn","PathToVictory"],"picked":"Singing Bowl","floor":28},{"not_picked":["CrushJoints","Swivel","PathToVictory"],"picked":"Singing Bowl","floor":29}],"player_experience":12727715,"relics_obtained":[{"floor":6,"key":"CeramicFish"},{"floor":6,"key":"Ginger"},{"floor":8,"key":"Matryoshka"},{"floor":8,"key":"Eternal Feather"},{"floor":9,"key":"Potion Belt"},{"floor":9,"key":"CaptainsWheel"},{"floor":13,"key":"PreservedInsect"},{"floor":13,"key":"Ancient Tea Set"},{"floor":23,"key":"Bronze Scales"},{"floor":23,"key":"Whetstone"},{"floor":25,"key":"Kunai"},{"floor":25,"key":"StrikeDummy"},{"floor":26,"key":"Singing Bowl"},{"floor":27,"key":"Happy Flower"},{"floor":27,"key":"Smiling Mask"}],"event_choices":[{"damage_healed":22,"gold_gain":0,"player_choice":"Banana","damage_taken":0,"max_hp_gain":0,"max_hp_loss":0,"event_name":"Big Fish","floor":2,"gold_loss":0},{"damage_healed":0,"gold_gain":0,"player_choice":"Lose Max HP","damage_taken":0,"relics_obtained":["Golden Idol"],"max_hp_gain":0,"max_hp_loss":6,"event_name":"Golden Idol","floor":4,"gold_loss":0}],"is_beta":false,"boss_relics":[{"not_picked":["Calling Bell","SlaversCollar"],"picked":"Runic Dome"}],"items_purged_floors":[19],"is_endless":false,"potions_floor_spawned":[3,5,8,16,22,25,27,28],"killed_by":"Chosen and Byrds","ascension_level":20,"potion_discard_per_floor":[[],[],[],[],[],[],[],[],[],[],[],[],[],[],[],[],[],[],[],[],[],[],[],[],[],[],[],[],[],[]]}