{"gold_per_floor":[111,54,67,85,101,126,126,144,144,144,175,191,191,191,191,287,287,310,310,329,329,342,342,342,342,342,360,360,285,285,185,185,274,274,298,298,323,323,354,385,397,447,506,393,416,183,196,216,216,216,216,216,216,41,82,82],"floor_reached":57,"playtime":4054,"items_purged":["Defend_P","Defend_P","Strike_P","Strike_P","Strike_P"],"score":3015,"play_id":"02b2752d-11a3-4696-8d3d-2791ef325342","local_time":"20220503224451","falling_options_log":["Scrawl+1","Adaptation+1"],"is_ascension_mode":true,"campfire_choices":[{"data":"Eruption","floor":7,"key":"SMITH"},{"data":"Consecrate","floor":13,"key":"SMITH"},{"data":"Meditate","floor":15,"key":"SMITH"},{"data":"Scrawl","floor":23,"key":"SMITH"},{"data":"Scrawl","floor":25,"key":"SMITH"},{"data":"Adaptation","floor":28,"key":"SMITH"},{"data":"EmptyMind","floor":32,"key":"SMITH"},{"floor":49,"key":"RECALL"},{"data":"Vigilance","floor":53,"key":"SMITH"}],"neow_cost":"NONE","seed_source_timestamp":1022478479601400,"shop_contents":[{"floor":2,"relics":["Meat on the Bone","Eternal Feather","Lee\u0027s Waffle"],"cards":["SignatureMove","FollowUp","ThirdEye","Halt","Nirvana","Forethought","The Bomb"],"potions":["Ancient Potion","Dexterity Potion"]},{"floor":29,"relics":["Turnip","Gambling Chip","Sling"],"cards":["CrushJoints","SashWhip","Crescendo","Halt","BattleHymn","Dramatic Entrance","Magnetism"],"potions":["SkillPotion","DistilledChaos","SkillPotion"]},{"floor":31,"relics":["Centennial Puzzle","Orichalcum","Cauldron"],"cards":["BowlingBash","WindmillStrike","Swivel","PathToVictory","Fasting2","Good Instincts","Mayhem"],"potions":["Dexterity Potion","LiquidMemories","Weak Potion"]},{"floor":44,"relics":["MealTicket","Bird Faced Urn","DollysMirror"],"cards":["FlurryOfBlows","TalkToTheHand","Halt","Meditate","MentalFortress","Swift Strike","Master of Strategy"],"potions":["Ambrosia","SkillPotion","LiquidBronze"]},{"floor":46,"relics":["Bag of Preparation","Mercury Hourglass","Chemical X"],"cards":["Tantrum","CarveReality","ForeignInfluence","Crescendo","BattleHymn","PanicButton","Secret Technique"],"potions":["SneckoOil","Regen Potion"]},{"floor":54,"relics":["Akabeko","Nunchaku","ClockworkSouvenir"],"cards":["FlyingSleeves","Conclude","Halt","ForeignInfluence","Nirvana","Swift Strike","Sadistic Nature"],"potions":["Weak Potion","ColorlessPotion","Ancient Potion"]}],"circlet_count":0,"master_deck":["AscendersBane","Eruption+1","Vigilance+1","Meditate+1","FearNoEvil","Crescendo","EmptyMind+1","Scrawl+1","Scrawl+1","Adaptation+1","Vault","Scrawl","Master of Strategy"],"potion_use_per_floor":[[],[],[],[],[],[],[],["Fire Potion"],[],[],["Ambrosia"],[],[],[],[],["SpeedPotion","LiquidMemories"],[],["Block Potion"],[],[],[],[],[],[],[],[],[],[],[],[],[],[],[],[],[],[],[],[],[],[],[],[],[],[],[],[],[],[],[],[],["Dexterity Potion"],[],[],[],[],["EntropicBrew"],[]],"relics":["Empty Cage","Singing Bowl","Shuriken","Golden Idol","Potion Belt","VioletLotus","Lantern","SlaversCollar","Thread and Needle","MawBank","Du-Vu Doll","Bottled Lightning"],"potions_floor_usage":[8,11,16,16,18,51,56],"damage_taken":[{"damage":7,"enemies":"Small Slimes","floor":1,"turns":4},{"damage":4,"enemies":"Jaw Worm","floor":3,"turns":3},{"damage":1,"enemies":"Cultist","floor":4,"turns":3},{"damage":13,"enemies":"Blue Slaver","floor":5,"turns":4},{"damage":11,"enemies":"Gremlin Nob","floor":6,"turns":3},{"damage":0,"enemies":"Looter","floor":8,"turns":2},{"damage":5,"enemies":"3 Sentries","floor":11,"turns":4},{"damage":0,"enemies":"Exordium Wildlife","floor":12,"turns":2},{"damage":15,"enemies":"Slime Boss","floor":16,"turns":6},{"damage":0,"enemies":"Spheric Guardian","floor":18,"turns":3},{"damage":4,"enemies":"3 Byrds","floor":20,"turns":3},{"damage":1,"enemies":"Centurion and Healer","floor":22,"turns":3},{"damage":0,"enemies":"Sentry and Sphere","floor":27,"turns":3},{"damage":0,"enemies":"Collector","floor":33,"turns":4},{"damage":0,"enemies":"3 Darklings","floor":35,"turns":2},{"damage":0,"enemies":"Orb Walker","floor":37,"turns":2},{"damage":0,"enemies":"Mind Bloom Boss Battle","floor":39,"turns":2},{"damage":0,"enemies":"Giant Head","floor":40,"turns":2},{"damage":0,"enemies":"Reptomancer","floor":42,"turns":2},{"damage":0,"enemies":"Jaw Worm Horde","floor":45,"turns":1},{"damage":0,"enemies":"Transient","floor":47,"turns":1},{"damage":0,"enemies":"Writhing Mass","floor":48,"turns":1},{"damage":0,"enemies":"Awakened One","floor":50,"turns":2},{"damage":47,"enemies":"Time Eater","floor":51,"turns":6},{"damage":0,"enemies":"Shield and Spear","floor":55,"turns":1},{"damage":7,"enemies":"The Heart","floor":56,"turns":5}],"seed_played":"8110366283446082235","neow_bonus_log":{"cardsObtained":[],"cardsUpgraded":[],"cardsRemoved":[],"cardsTransformed":[],"relicsObtained":["Empty Cage"],"maxHpGained":0,"goldGained":0,"damageTaken":0,"goldLost":0,"maxHpLost":0},"potions_obtained":[{"floor":4,"key":"Explosive Potion"},{"floor":5,"key":"Ambrosia"},{"floor":8,"key":"LiquidMemories"},{"floor":11,"key":"EssenceOfSteel"},{"floor":14,"key":"SpeedPotion"},{"floor":14,"key":"Block Potion"},{"floor":18,"key":"Dexterity Potion"},{"floor":33,"key":"EntropicBrew"},{"floor":39,"key":"ColorlessPotion"},{"floor":42,"key":"StancePotion"}],"is_trial":false,"path_per_floor":["M","$","M","M","M","E","R","M","T","?","E","M","R","?","R","B",null,"M","?","M","?","M","R","?","R","T","M","R","$","?","$","R","B",null,"M","?","M","?","?","E","?","E","T","$","M","$","M","M","R","B","B",null,"R","$","E","B",null],"character_chosen":"WATCHER","items_purchased":["Fire Potion","GamblersBrew"],"campfire_rested":0,"item_purchase_floors":[2,46],"current_hp_per_floor":[54,54,50,49,36,27,27,27,27,27,24,26,26,26,26,11,53,55,55,53,53,54,54,54,54,54,54,54,54,54,54,54,54,68,70,70,72,72,74,76,70,72,72,72,74,74,76,78,78,78,31,78,78,78,80,73],"gold":82,"neow_bonus":"BOSS_RELIC","is_prod":false,"is_daily":false,"rewards_skipped":[{"floor":40,"relics":[],"potions":["SkillPotion"]},{"floor":48,"relics":[],"potions":["Energy Potion"]}],"chose_seed":false,"campfire_upgraded":8,"win_rate":0,"floor_exit_playtime":[218,238,292,332,426,499,506,554,557,562,770,806,840,845,853,1126,1188,1329,1352,1617,1643,1702,1709,1720,1804,1822,2021,2032,2049,2063,2095,2112,2334,2384,2444,2461,2507,2513,2619,2690,2717,2796,2802,2997,3064,3105,3141,3181,3185,3302,3655,3667,3682,3698,3750,4054],"timestamp":1651632291,"blue_key_relic_skipped_log":{"floor":43,"relicID":"Strawberry"},"path_taken":["M","$","M","?","M","E","R","M","T","?","E","M","R","?","R","BOSS","M","?","?","?","M","R","?","R","T","M","R","$","?","$","R","BOSS","M","?","M","?","?","E","?","E","T","$","M","$","M","?","R","BOSS","BOSS","R","$","E","BOSS"],"build_version":"2022-03-07","purchased_purges":5,"victory":true,"max_hp_per_floor":[68,68,68,68,68,70,70,70,70,63,65,67,67,67,67,67,67,69,69,71,71,73,73,73,73,73,73,73,73,73,73,73,73,73,75,75,77,77,79,81,85,87,87,87,89,89,91,93,93,93,93,93,93,93,95,95],"relic_stats":{"Singing Bowl":34,"counters":[26,74],"Shuriken":[72],"Golden Idol":168,"VioletLotus":[141],"Bottled Lightning":"Scrawl","MawBank":48,"obtain_stats":[{"Potion Belt":11,"Lantern":26,"Singing Bowl":6,"Golden Idol":10,"Thread and Needle":39,"Empty Cage":0,"MawBank":40,"Du-Vu Doll":42,"SlaversCollar":34,"Shuriken":9,"VioletLotus":17,"Bottled Lightning":55,"PureWater":0},{"Potion Belt":7,"Lantern":12,"Singing Bowl":5,"Golden Idol":6,"Thread and Needle":17,"Empty Cage":0,"MawBank":18,"Du-Vu Doll":19,"SlaversCollar":14,"Shuriken":6,"VioletLotus":9,"Bottled Lightning":25,"PureWater":0},{"Potion Belt":23,"Lantern":40,"Singing Bowl":17,"Golden Idol":19,"Thread and Needle":53,"Empty Cage":0,"MawBank":55,"Du-Vu Doll":57,"SlaversCollar":47,"Shuriken":19,"VioletLotus":31,"Bottled Lightning":69,"PureWater":0}]},"card_choices":[{"not_picked":["Halt","EmptyBody"],"picked":"Consecrate","floor":1},{"not_picked":["Worship","Wallop"],"picked":"Meditate","floor":3},{"not_picked":["CarveReality","FollowUp"],"picked":"FearNoEvil","floor":4},{"not_picked":["WheelKick","SashWhip"],"picked":"Crescendo","floor":5},{"not_picked":["JustLucky","Swivel","Protect"],"picked":"Singing Bowl","floor":6},{"not_picked":["Protect","DevaForm"],"picked":"EmptyMind","floor":8},{"not_picked":["JustLucky","Evaluate","FlyingSleeves"],"picked":"Singing Bowl","floor":11},{"not_picked":["Weave","Crescendo","ThirdEye"],"picked":"Singing Bowl","floor":12},{"not_picked":["Blasphemy","Brilliance"],"picked":"Scrawl","floor":16},{"not_picked":["ThirdEye","CutThroughFate","ForeignInfluence"],"picked":"Singing Bowl","floor":18},{"not_picked":["ClearTheMind","Vengeance","CutThroughFate"],"picked":"Singing Bowl","floor":20},{"not_picked":["CutThroughFate","WreathOfFlame","Prostrate"],"picked":"Singing Bowl","floor":22},{"not_picked":["ConjureBlade","ForeignInfluence","Crescendo","EmptyFist","ClearTheMind","FollowUp","WreathOfFlame","ThirdEye","Tantrum","FlyingSleeves","Weave","Evaluate","PathToVictory","Consecrate","JustLucky","ReachHeaven","Vengeance","BowlingBash","CrushJoints"],"picked":"Adaptation","floor":24},{"not_picked":["Tantrum","Collect"],"picked":"Vault","floor":27},{"not_picked":["DeusExMachina","Judgement"],"picked":"Scrawl","floor":33},{"not_picked":["FlyingSleeves","CarveReality","JustLucky+1"],"picked":"Singing Bowl","floor":35},{"not_picked":["EmptyFist","Crescendo","CrushJoints"],"picked":"Singing Bowl","floor":37},{"not_picked":["EmptyFist+1","Wallop","DeceiveReality+1"],"picked":"Singing Bowl","floor":39},{"not_picked":["Crescendo+1","CrushJoints","FlyingSleeves"],"picked":"Singing Bowl","floor":40},{"not_picked":["Mind Blast","Violence","Trip"],"picked":"Singing Bowl","floor":41},{"not_picked":["Chrysalis","Secret Weapon","Blind"],"picked":"Singing Bowl","floor":41},{"not_picked":["Panacea","Panache"],"picked":"Master of Strategy","floor":41},{"not_picked":["FollowUp","EmptyFist","Halt"],"picked":"Singing Bowl","floor":42},{"not_picked":["Halt+1","MentalFortress","Study"],"picked":"Singing Bowl","floor":45},{"not_picked":["FollowUp+1","Evaluate+1","Consecrate+1"],"picked":"Singing Bowl","floor":47},{"not_picked":["Protect","Establishment","Crescendo"],"picked":"Singing Bowl","floor":48},{"not_picked":["DeceiveReality","Protect","Worship+1"],"picked":"Singing Bowl","floor":55}],"player_experience":12791863,"relics_obtained":[{"floor":6,"key":"Singing Bowl"},{"floor":9,"key":"Shuriken"},{"floor":11,"key":"Potion Belt"},{"floor":26,"key":"Lantern"},{"floor":39,"key":"Thread and Needle"},{"floor":40,"key":"MawBank"},{"floor":42,"key":"Du-Vu Doll"},{"floor":55,"key":"Bottled Lightning"}],"event_choices":[{"damage_healed":0,"gold_gain":0,"player_choice":"Lose Max HP","damage_taken":0,"relics_obtained":["Golden Idol"],"max_hp_gain":0,"max_hp_loss":7,"event_name":"Golden Idol","floor":10,"gold_loss":0},{"damage_healed":0,"gold_gain":0,"player_choice":"Got Potions","damage_taken":0,"max_hp_gain":0,"max_hp_loss":0,"event_name":"Lab","floor":14,"gold_loss":0},{"damage_healed":0,"gold_gain":0,"player_choice":"Ignored","damage_taken":0,"max_hp_gain":0,"max_hp_loss":0,"event_name":"Vampires","floor":19,"gold_loss":0},{"damage_healed":0,"gold_gain":0,"player_choice":"Copied","damage_taken":0,"max_hp_gain":0,"max_hp_loss":0,"event_name":"Duplicator","floor":21,"gold_loss":0,"cards_obtained":["Scrawl"]},{"damage_healed":0,"gold_gain":0,"player_choice":"Read","damage_taken":0,"max_hp_gain":0,"max_hp_loss":0,"event_name":"The Library","floor":24,"gold_loss":0,"cards_obtained":["Adaptation"]},{"damage_healed":0,"gold_gain":0,"player_choice":"Ignored","damage_taken":0,"max_hp_gain":0,"max_hp_loss":0,"event_name":"Ghosts","floor":30,"gold_loss":0},{"cards_removed":["Strike_P"],"damage_healed":0,"gold_gain":0,"player_choice":"Purged","damage_taken":0,"max_hp_gain":0,"max_hp_loss":0,"event_name":"Purifier","floor":36,"gold_loss":0},{"cards_removed":["Consecrate"],"damage_healed":0,"gold_gain":0,"player_choice":"Removed Attack","damage_taken":0,"max_hp_gain":0,"max_hp_loss":0,"event_name":"Falling","floor":38,"gold_loss":0},{"damage_healed":0,"gold_gain":0,"player_choice":"Fight","damage_taken":0,"max_hp_gain":0,"max_hp_loss":0,"event_name":"MindBloom","floor":39,"gold_loss":0},{"damage_healed":0,"gold_gain":0,"player_choice":"Memory 3","damage_taken":10,"max_hp_gain":0,"max_hp_loss":0,"event_name":"SensoryStone","floor":41,"gold_loss":0}],"is_beta":false,"boss_relics":[{"not_picked":["Ectoplasm","Busted Crown"],"picked":"VioletLotus"},{"not_picked":["Snecko Eye","Calling Bell"],"picked":"SlaversCollar"}],"items_purged_floors":[29,31,44,46,54],"is_endless":false,"potions_floor_spawned":[4,5,8,11,18,33,39,40,42,48],"ascension_level":20,"potion_discard_per_floor":[[],[],[],[],["Explosive Potion"],[],[],[],[],[],[],[],[],[],[],[],[],[],[],[],[],[],[],[],[],[],[],[],[],[],[],[],[],[],[],[],[],[],[],[],[],["ColorlessPotion"],[],[],[],["EssenceOfSteel"],[],[],[],[],[],[],[],[],[],["GamblersBrew","StancePotion","Dexterity Potion","Weak Potion","CultistPotion","LiquidMemories"],[]]}