{"gold_per_floor":[99,99,99,99,24,24,24,24,24,24,4,4,4,4,4,4,4,0,0,0,0,0,0,0,0,0,0,0,0,0,0,0,0,0,0,0,0,0,0,0,0,0,0,0,0,0,0,0,0,0,0,0,0,0,0,0],"floor_reached":57,"playtime":6770,"items_purged":["Defend_P"],"score":3436,"play_id":"84a2f28c-75c7-41e3-a3d5-002bfbd93f6d","local_time":"20220501185914","is_ascension_mode":true,"campfire_choices":[{"data":"ForeignInfluence","floor":6,"key":"SMITH"},{"data":"Eruption","floor":10,"key":"SMITH"},{"data":"CutThroughFate","floor":15,"key":"SMITH"},{"data":"Scrawl","floor":24,"key":"SMITH"},{"data":"EmptyMind","floor":28,"key":"SMITH"},{"data":"Halt","floor":32,"key":"SMITH"},{"data":"TalkToTheHand","floor":41,"key":"SMITH"},{"data":"TalkToTheHand","floor":46,"key":"SMITH"},{"floor":49,"key":"RECALL"},{"data":"Adaptation","floor":53,"key":"SMITH"}],"neow_cost":"NONE","seed_source_timestamp":833377917016700,"shop_contents":[{"floor":5,"relics":["Tiny Chest","Boot","OrangePellets"],"cards":["CarveReality","ReachHeaven","Halt","Alpha","MentalFortress","Dramatic Entrance","Sadistic Nature"],"potions":["GamblersBrew","DuplicationPotion","Weak Potion"]},{"floor":54,"relics":["Ginger","Centennial Puzzle","Sling"],"cards":["Consecrate","CutThroughFate","Protect","Wish","Fasting2","Deep Breath","Thinking Ahead"],"potions":["BottledMiracle","BottledMiracle","SmokeBomb"]}],"circlet_count":0,"master_deck":["AscendersBane","Strike_P","Strike_P+1","Strike_P","Strike_P","Defend_P+1","Defend_P","Defend_P","Eruption+1","Vigilance","FlurryOfBlows","ForeignInfluence+1","FearNoEvil","CutThroughFate+1","FlurryOfBlows","EmptyMind+1","Scrawl+1","Adaptation+1","CutThroughFate+1","TalkToTheHand+1","DevaForm","Halt+1","Dark Shackles","Thinking Ahead","Secret Weapon","TalkToTheHand+1","InnerPeace","Tantrum"],"potion_use_per_floor":[[],[],[],[],[],[],[],[],[],[],[],[],[],[],[],[],[],["SpeedPotion"],[],[],[],["Energy Potion"],["BottledMiracle","SteroidPotion"],[],[],[],[],[],[],["SpeedPotion"],[],[],[],[],[],[],[],[],[],[],[],[],[],[],[],[],["Regen Potion"],[],[],["SteroidPotion"],[],[],[],[],[],["StancePotion","Block Potion"],[]],"relics":["Ectoplasm","Omamori","WingedGreaves","Potion Belt","Bottled Lightning","Toy Ornithopter","Runic Pyramid","Necronomicon","Art of War","CeramicFish","Orichalcum","PreservedInsect","Cursed Key","Bag of Preparation","Pen Nib","Red Mask","Eternal Feather","Du-Vu Doll","Nunchaku"],"potions_floor_usage":[18,22,23,23,30,47,50,56,56],"damage_taken":[{"damage":2,"enemies":"Jaw Worm","floor":1,"turns":4},{"damage":7,"enemies":"2 Louse","floor":2,"turns":2},{"damage":0,"enemies":"Small Slimes","floor":4,"turns":2},{"damage":7,"enemies":"Lagavulin","floor":7,"turns":5},{"damage":1,"enemies":"Looter","floor":11,"turns":2},{"damage":2,"enemies":"3 Sentries","floor":12,"turns":3},{"damage":0,"enemies":"Lagavulin","floor":13,"turns":4},{"damage":0,"enemies":"Slime Boss","floor":16,"turns":4},{"damage":0,"enemies":"2 Thieves","floor":18,"turns":2},{"damage":0,"enemies":"Shell Parasite","floor":20,"turns":2},{"damage":0,"enemies":"Cultist and Chosen","floor":21,"turns":3},{"damage":0,"enemies":"Snake Plant","floor":22,"turns":2},{"damage":26,"enemies":"Slavers","floor":23,"turns":2},{"damage":10,"enemies":"Gremlin Leader","floor":25,"turns":3},{"damage":1,"enemies":"Book of Stabbing","floor":27,"turns":2},{"damage":0,"enemies":"Centurion and Healer","floor":29,"turns":2},{"damage":0,"enemies":"Gremlin Leader","floor":30,"turns":4},{"damage":0,"enemies":"Chosen and Byrds","floor":31,"turns":3},{"damage":0,"enemies":"Automaton","floor":33,"turns":4},{"damage":0,"enemies":"Orb Walker","floor":35,"turns":1},{"damage":4,"enemies":"3 Shapes","floor":37,"turns":3},{"damage":0,"enemies":"Writhing Mass","floor":38,"turns":4},{"damage":3,"enemies":"4 Shapes","floor":39,"turns":2},{"damage":0,"enemies":"Giant Head","floor":40,"turns":4},{"damage":0,"enemies":"Nemesis","floor":42,"turns":3},{"damage":0,"enemies":"Giant Head","floor":47,"turns":7},{"damage":0,"enemies":"Nemesis","floor":48,"turns":5},{"damage":38,"enemies":"Time Eater","floor":50,"turns":7},{"damage":10,"enemies":"Donu and Deca","floor":51,"turns":8},{"damage":0,"enemies":"Shield and Spear","floor":55,"turns":3},{"damage":19,"enemies":"The Heart","floor":56,"turns":7}],"seed_played":"-689955749100922316","neow_bonus_log":{"cardsObtained":[],"cardsUpgraded":[],"cardsRemoved":[],"cardsTransformed":[],"relicsObtained":["Ectoplasm"],"maxHpGained":0,"goldGained":0,"damageTaken":0,"goldLost":0,"maxHpLost":0},"potions_obtained":[{"floor":2,"key":"Fire Potion"},{"floor":11,"key":"SteroidPotion"},{"floor":12,"key":"BottledMiracle"},{"floor":16,"key":"SpeedPotion"},{"floor":18,"key":"ColorlessPotion"},{"floor":20,"key":"Energy Potion"},{"floor":25,"key":"Fire Potion"},{"floor":27,"key":"SpeedPotion"},{"floor":29,"key":"SpeedPotion"},{"floor":33,"key":"BlessingOfTheForge"},{"floor":37,"key":"SteroidPotion"},{"floor":38,"key":"StancePotion"},{"floor":40,"key":"Block Potion"},{"floor":42,"key":"Regen Potion"},{"floor":55,"key":"StancePotion"}],"is_trial":false,"path_per_floor":["M","M","?","M","$","R","E","?","T","R","M","E","E","?","R","B",null,"M","?","M","M","M","E","R","E","T","E","R","M","E","M","R","B",null,"M","?","M","M","M","E","R","E","T","?","?","R","E","E","R","B","B",null,"R","$","E","B",null],"character_chosen":"WATCHER","items_purchased":[],"campfire_rested":0,"item_purchase_floors":[],"current_hp_per_floor":[59,52,32,32,32,32,25,25,25,25,24,22,22,22,22,22,57,62,41,41,41,46,30,30,20,20,19,19,19,24,24,24,24,57,57,47,43,43,40,40,40,40,40,40,40,40,60,60,68,35,25,57,68,68,68,59],"gold":0,"neow_bonus":"BOSS_RELIC","is_prod":false,"is_daily":false,"rewards_skipped":[],"chose_seed":false,"campfire_upgraded":9,"win_rate":0,"floor_exit_playtime":[349,403,411,586,617,637,766,780,799,820,937,1058,1361,1381,1457,1614,1765,1888,1915,2067,2175,2338,2490,2496,2612,2620,2776,2782,2861,3115,3231,3242,3494,3675,3800,3864,4025,4368,4571,4848,4858,4937,4951,4955,4961,4968,5181,5363,5369,5753,6129,6141,6154,6159,6329,6770],"timestamp":1651445954,"blue_key_relic_skipped_log":{"floor":26,"relicID":"Bronze Scales"},"path_taken":["M","M","?","?","?","R","E","?","T","R","?","E","E","?","R","BOSS","M","?","M","M","?","E","R","E","T","E","R","M","E","M","R","BOSS","M","?","M","M","M","E","R","E","T","?","?","R","E","E","R","BOSS","BOSS","R","$","E","BOSS"],"build_version":"2022-03-07","purchased_purges":1,"victory":true,"max_hp_per_floor":[68,68,68,68,68,68,68,68,68,68,68,68,68,68,68,68,68,68,68,68,68,68,68,68,68,68,68,68,68,68,68,68,68,68,68,68,68,68,68,68,68,68,68,68,68,68,68,68,68,68,68,68,68,68,68,68],"relic_stats":{"counters":[31,109],"CeramicFish":0,"Eternal Feather":19,"PreservedInsect":437,"Pen Nib":[21],"Omamori":2,"Bag of Preparation":[14],"Orichalcum":[42],"Cursed Key":0,"Nunchaku":[6],"Ectoplasm":824,"WingedGreaves":3,"Necronomicon":[5],"Art of War":[9],"Bottled Lightning":"EmptyMind","obtain_stats":[{"Potion Belt":12,"CeramicFish":25,"Eternal Feather":47,"PreservedInsect":30,"Pen Nib":42,"Omamori":7,"Bag of Preparation":40,"Orichalcum":27,"Cursed Key":34,"Du-Vu Doll":48,"Nunchaku":55,"Ectoplasm":0,"WingedGreaves":9,"Necronomicon":19,"Art of War":23,"Red Mask":44,"Bottled Lightning":13,"PureWater":0,"Toy Ornithopter":14,"Runic Pyramid":17},{"Potion Belt":6,"CeramicFish":14,"Eternal Feather":26,"PreservedInsect":17,"Pen Nib":25,"Omamori":4,"Bag of Preparation":24,"Orichalcum":15,"Cursed Key":19,"Du-Vu Doll":27,"Nunchaku":30,"Ectoplasm":0,"WingedGreaves":4,"Necronomicon":9,"Art of War":13,"Red Mask":25,"Bottled Lightning":7,"PureWater":0,"Toy Ornithopter":7,"Runic Pyramid":8},{"Potion Belt":18,"CeramicFish":40,"Eternal Feather":79,"PreservedInsect":48,"Pen Nib":72,"Omamori":13,"Bag of Preparation":69,"Orichalcum":42,"Cursed Key":55,"Du-Vu Doll":84,"Nunchaku":102,"Ectoplasm":0,"WingedGreaves":13,"Necronomicon":28,"Art of War":37,"Red Mask":72,"Bottled Lightning":22,"PureWater":0,"Toy Ornithopter":22,"Runic Pyramid":26}],"Toy Ornithopter":45},"card_choices":[{"not_picked":["Conclude","Crescendo"],"picked":"FlurryOfBlows","floor":1},{"not_picked":["Prostrate","Nirvana","ClearTheMind"],"picked":"SKIP","floor":2},{"not_picked":["Halt","Protect"],"picked":"ForeignInfluence","floor":4},{"not_picked":["FollowUp","ThirdEye"],"picked":"FearNoEvil","floor":7},{"not_picked":["InnerPeace","DeceiveReality"],"picked":"CutThroughFate","floor":11},{"not_picked":["ClearTheMind","Prostrate"],"picked":"FlurryOfBlows","floor":12},{"not_picked":["WindmillStrike","FollowUp"],"picked":"EmptyMind","floor":13},{"not_picked":["Brilliance","Devotion"],"picked":"Scrawl","floor":16},{"not_picked":["Perseverance+1","FollowUp","Pray"],"picked":"SKIP","floor":18},{"not_picked":["FlurryOfBlows+1","WindmillStrike"],"picked":"Adaptation","floor":20},{"not_picked":["Halt","Swivel"],"picked":"CutThroughFate+1","floor":21},{"not_picked":["Adaptation","Consecrate","Protect+1"],"picked":"SKIP","floor":22},{"not_picked":["SashWhip","EmptyFist","Prostrate"],"picked":"SKIP","floor":23},{"not_picked":["SashWhip","EmptyFist","Prostrate"],"picked":"SKIP","floor":23},{"not_picked":["FlurryOfBlows","SandsOfTime","WindmillStrike"],"picked":"SKIP","floor":25},{"not_picked":["JustLucky","FlyingSleeves","BowlingBash"],"picked":"SKIP","floor":27},{"not_picked":["CutThroughFate","Prostrate"],"picked":"TalkToTheHand","floor":29},{"not_picked":["JustLucky","WreathOfFlame"],"picked":"DevaForm","floor":30},{"not_picked":["ThirdEye","Study+1"],"picked":"Halt","floor":31},{"not_picked":["Halt","EmptyBody","SashWhip+1"],"picked":"SKIP","floor":35},{"not_picked":["Blind","Apotheosis"],"picked":"Dark Shackles","floor":36},{"not_picked":["Good Instincts","Transmutation"],"picked":"Thinking Ahead","floor":36},{"not_picked":["Discovery","Blind"],"picked":"Secret Weapon","floor":36},{"not_picked":["Worship","FlurryOfBlows+1"],"picked":"TalkToTheHand","floor":37},{"not_picked":["Consecrate","FlyingSleeves","Collect+1"],"picked":"SKIP","floor":38},{"not_picked":["Consecrate","FlyingSleeves","Collect+1"],"picked":"SKIP","floor":38},{"not_picked":["Crescendo","Evaluate","ThirdEye+1"],"picked":"SKIP","floor":39},{"not_picked":["FlurryOfBlows","Fasting2","Conclude"],"picked":"SKIP","floor":40},{"not_picked":["Conclude","CarveReality+1","SashWhip"],"picked":"SKIP","floor":42},{"not_picked":["Evaluate+1","FlurryOfBlows"],"picked":"InnerPeace","floor":47},{"not_picked":["Brilliance","Evaluate","PathToVictory"],"picked":"SKIP","floor":48},{"not_picked":["Sanctity+1","FlyingSleeves"],"picked":"Tantrum","floor":55}],"player_experience":12751015,"relics_obtained":[{"floor":7,"key":"Omamori"},{"floor":9,"key":"WingedGreaves"},{"floor":12,"key":"Potion Belt"},{"floor":13,"key":"Bottled Lightning"},{"floor":19,"key":"Necronomicon"},{"floor":23,"key":"Art of War"},{"floor":25,"key":"CeramicFish"},{"floor":27,"key":"Orichalcum"},{"floor":30,"key":"PreservedInsect"},{"floor":40,"key":"Bag of Preparation"},{"floor":42,"key":"Pen Nib"},{"floor":47,"key":"Eternal Feather"},{"floor":48,"key":"Du-Vu Doll"},{"floor":55,"key":"Nunchaku"}],"event_choices":[{"damage_healed":0,"gold_gain":0,"player_choice":"Entered Light","damage_taken":20,"max_hp_gain":0,"max_hp_loss":0,"event_name":"Shining Light","floor":3,"gold_loss":0,"cards_upgraded":["Defend_P","Strike_P"]},{"damage_healed":0,"gold_gain":0,"player_choice":"Leave","damage_taken":0,"max_hp_gain":0,"max_hp_loss":0,"event_name":"FaceTrader","floor":8,"gold_loss":0},{"damage_healed":0,"gold_gain":0,"player_choice":"Box","damage_taken":0,"relics_obtained":["Toy Ornithopter"],"max_hp_gain":0,"max_hp_loss":0,"event_name":"Big Fish","floor":14,"gold_loss":0,"cards_obtained":["Regret"]},{"damage_healed":0,"gold_gain":0,"player_choice":"Obtained Book","damage_taken":21,"max_hp_gain":0,"max_hp_loss":0,"event_name":"Cursed Tome","floor":19,"gold_loss":0},{"damage_healed":0,"gold_gain":0,"player_choice":"Memory 3","damage_taken":10,"max_hp_gain":0,"max_hp_loss":0,"event_name":"SensoryStone","floor":36,"gold_loss":0},{"damage_healed":0,"gold_gain":0,"player_choice":"Paid","damage_taken":0,"relics_obtained":["Red Mask"],"max_hp_gain":0,"max_hp_loss":0,"event_name":"Tomb of Lord Red Mask","floor":44,"gold_loss":0},{"damage_healed":0,"gold_gain":0,"player_choice":"Ignored","damage_taken":0,"max_hp_gain":0,"max_hp_loss":0,"event_name":"SecretPortal","floor":45,"gold_loss":0}],"is_beta":false,"boss_relics":[{"not_picked":["Pandora\u0027s Box","Empty Cage"],"picked":"Runic Pyramid"},{"not_picked":["Busted Crown","Calling Bell"],"picked":"Cursed Key"}],"items_purged_floors":[5],"is_endless":false,"potions_floor_spawned":[2,11,12,16,18,20,25,27,29,33,37,38,40,42,55],"ascension_level":20,"potion_discard_per_floor":[[],[],[],[],[],[],[],[],[],[],[],[],[],[],[],[],[],[],[],["ColorlessPotion"],[],[],[],[],[],[],[],[],[],[],[],[],[],[],[],[],["BlessingOfTheForge"],["SpeedPotion"],[],["Fire Potion"],[],["Fire Potion"],[],[],[],[],[],[],[],[],[],[],[],[],[],[],[]]}