{"gold_per_floor":[116,41,41,61,76,76,104,120,145,170,170,170,170,195,195,293,293,308,346,271,196,221,264,264,295,295,295,339,355,355,371,371,470,470,485,485,485,525,573,606,631,681,681,741,784,784,833,891,891,891,891,891,891,37,80,80],"floor_reached":57,"playtime":5613,"items_purged":["Strike_P","BowlingBash+1"],"score":3399,"play_id":"4008fe5c-012e-4ce7-a627-74b1dfeb6058","local_time":"20220502174056","is_ascension_mode":true,"campfire_choices":[{"floor":6,"key":"REST"},{"data":"Eruption","floor":11,"key":"SMITH"},{"data":"TalkToTheHand","floor":13,"key":"SMITH"},{"data":"Tantrum","floor":15,"key":"SMITH"},{"data":"BowlingBash","floor":27,"key":"SMITH"},{"data":"Halt","floor":32,"key":"SMITH"},{"floor":46,"key":"RECALL"},{"data":"Strike_P+1","floor":49,"key":"PURGE"},{"data":"Strike_P+1","floor":53,"key":"PURGE"}],"neow_cost":"PERCENT_DAMAGE","seed_source_timestamp":916249843879200,"shop_contents":[{"floor":20,"relics":["HornCleat","Bottled Lightning","Chemical X"],"cards":["TalkToTheHand","FollowUp","Indignation","Vengeance","Nirvana","Panacea","Panache"],"potions":["BottledMiracle","StancePotion","AttackPotion"]},{"floor":54,"relics":[],"cards":["FollowUp","BowlingBash","Prostrate","ClearTheMind","Blind","Thinking Ahead"],"potions":["Energy Potion","Block Potion"]}],"circlet_count":0,"master_deck":["AscendersBane","Eruption+1","Vigilance+1","Tantrum+1","Halt+1","TalkToTheHand+1","Vault","Wish","Clumsy","WheelKick+1","Vault","CrushJoints","TalkToTheHand","InnerPeace","EmptyMind","Adaptation"],"potion_use_per_floor":[[],[],[],[],[],[],[],[],[],["ColorlessPotion"],[],[],[],[],[],["Swift Potion"],[],[],[],[],[],[],[],[],[],[],[],[],[],[],[],[],[],[],[],[],[],[],[],[],["Strength Potion"],[],[],[],[],[],[],[],[],[],[],[],[],[],["Swift Potion"],["FearPotion"],[]],"relics":["PureWater","War Paint","Pen Nib","Centennial Puzzle","StrikeDummy","Golden Idol","Runic Pyramid","Red Mask","Peace Pipe","Orichalcum","Mummified Hand","TeardropLocket","VioletLotus","Whetstone","White Beast Statue","Ice Cream","Yang","Blood Vial","Melange","Mercury Hourglass","Letter Opener"],"potions_floor_usage":[10,16,41,55,56],"damage_taken":[{"damage":1,"enemies":"Small Slimes","floor":1,"turns":4},{"damage":0,"enemies":"2 Louse","floor":4,"turns":1},{"damage":0,"enemies":"Cultist","floor":5,"turns":3},{"damage":16,"enemies":"Gremlin Nob","floor":7,"turns":3},{"damage":7,"enemies":"Looter","floor":8,"turns":2},{"damage":6,"enemies":"3 Sentries","floor":10,"turns":4},{"damage":1,"enemies":"Blue Slaver","floor":14,"turns":2},{"damage":0,"enemies":"Hexaghost","floor":16,"turns":4},{"damage":0,"enemies":"Spheric Guardian","floor":18,"turns":1},{"damage":2,"enemies":"Masked Bandits","floor":19,"turns":7},{"damage":3,"enemies":"Shell Parasite","floor":22,"turns":3},{"damage":3,"enemies":"Book of Stabbing","floor":23,"turns":3},{"damage":9,"enemies":"Slavers","floor":25,"turns":4},{"damage":2,"enemies":"Book of Stabbing","floor":28,"turns":3},{"damage":1,"enemies":"Centurion and Healer","floor":29,"turns":5},{"damage":0,"enemies":"Shelled Parasite and Fungi","floor":31,"turns":3},{"damage":2,"enemies":"Automaton","floor":33,"turns":5},{"damage":0,"enemies":"3 Darklings","floor":35,"turns":5},{"damage":1,"enemies":"Orb Walker","floor":38,"turns":4},{"damage":0,"enemies":"3 Darklings","floor":39,"turns":3},{"damage":31,"enemies":"Nemesis","floor":40,"turns":6},{"damage":0,"enemies":"Writhing Mass","floor":41,"turns":5},{"damage":0,"enemies":"Jaw Worm Horde","floor":42,"turns":8},{"damage":0,"enemies":"Reptomancer","floor":44,"turns":3},{"damage":0,"enemies":"Transient","floor":45,"turns":7},{"damage":6,"enemies":"Writhing Mass","floor":47,"turns":3},{"damage":0,"enemies":"Nemesis","floor":48,"turns":4},{"damage":0,"enemies":"Awakened One","floor":50,"turns":11},{"damage":0,"enemies":"Time Eater","floor":51,"turns":7},{"damage":0,"enemies":"Shield and Spear","floor":55,"turns":5},{"damage":4,"enemies":"The Heart","floor":56,"turns":6}],"seed_played":"2408612512078240578","neow_bonus_log":{"cardsObtained":[],"cardsUpgraded":[],"cardsRemoved":["Defend_P","Defend_P"],"cardsTransformed":[],"relicsObtained":[],"maxHpGained":0,"goldGained":0,"damageTaken":18,"goldLost":0,"maxHpLost":0},"potions_obtained":[{"floor":1,"key":"ColorlessPotion"},{"floor":7,"key":"Swift Potion"},{"floor":16,"key":"BlessingOfTheForge"},{"floor":18,"key":"Strength Potion"},{"floor":28,"key":"Swift Potion"},{"floor":41,"key":"Block Potion"},{"floor":55,"key":"FearPotion"}],"is_trial":false,"path_per_floor":["M","?","?","M","M","R","E","M","T","E","R","?","R","M","R","B",null,"M","?","$","?","M","E","?","E","T","R","E","M","T","M","R","B",null,"M","?","?","M","M","E","M","M","T","E","M","R","M","E","R","B","B",null,"R","$","E","B",null],"character_chosen":"WATCHER","items_purchased":["Adaptation","Blood Vial","Melange","Mercury Hourglass","DistilledChaos"],"campfire_rested":1,"item_purchase_floors":[54,54,54,54,54],"current_hp_per_floor":[42,42,16,16,16,36,20,13,13,7,7,7,7,6,6,6,48,48,46,46,46,43,40,40,31,31,31,29,28,28,28,28,26,53,53,53,53,52,52,21,21,21,21,21,21,21,15,15,15,15,15,50,50,50,52,50],"gold":80,"neow_bonus":"REMOVE_TWO","is_prod":false,"is_daily":false,"rewards_skipped":[{"floor":29,"relics":[],"potions":["EssenceOfSteel"]},{"floor":31,"relics":[],"potions":["Explosive Potion"]},{"floor":35,"relics":[],"potions":["GamblersBrew"]},{"floor":39,"relics":[],"potions":["ColorlessPotion"]},{"floor":44,"relics":[],"potions":["LiquidBronze"]},{"floor":45,"relics":[],"potions":["BlessingOfTheForge"]},{"floor":47,"relics":[],"potions":["FearPotion"]},{"floor":48,"relics":[],"potions":["Fire Potion"]}],"chose_seed":false,"campfire_upgraded":5,"win_rate":0,"floor_exit_playtime":[267,413,453,503,533,550,596,654,658,1054,1063,1069,1080,1130,1142,1224,1297,1424,1563,1707,1734,1867,1996,2026,2198,2222,2294,2385,2487,2504,2555,2564,2720,2779,2904,2916,2940,3064,3132,3282,3430,3540,3543,3705,3830,3873,3991,4143,4178,4593,4938,4950,4973,5059,5273,5613],"timestamp":1651527656,"blue_key_relic_skipped_log":{"floor":30,"relicID":"Bottled Flame"},"path_taken":["M","?","?","M","M","R","E","M","T","E","R","?","R","M","R","BOSS","M","?","$","?","M","E","?","E","T","R","E","M","?","M","R","BOSS","M","?","?","?","?","E","M","M","T","E","M","R","M","E","R","BOSS","BOSS","R","$","E","BOSS"],"build_version":"2022-03-07","purchased_purges":2,"victory":true,"max_hp_per_floor":[68,68,68,68,68,68,68,68,68,68,68,62,62,62,62,62,62,62,62,62,62,62,62,62,62,62,62,62,62,62,62,62,62,62,62,62,62,62,62,62,62,62,62,62,62,62,62,62,62,62,62,62,62,62,62,62],"relic_stats":{"Ice Cream":[71],"counters":[31,134],"Golden Idol":207,"Melange":[16],"Yang":[97],"Pen Nib":[31],"Whetstone":["Strike_P","Strike_P"],"Letter Opener":[40],"War Paint":["Defend_P","Vigilance"],"Orichalcum":[126],"White Beast Statue":[0.0,0.0,0.0,0.4,0.0,0.6000000000000001,0.0,0.0,0.0,0.0,0.0,2.1048000000000004],"Mercury Hourglass":[36],"Peace Pipe":3,"Blood Vial":4,"Centennial Puzzle":[39],"Mummified Hand":[2],"VioletLotus":[66],"PureWater":[27],"obtain_stats":[{"Ice Cream":44,"Golden Idol":12,"Melange":54,"Yang":48,"Pen Nib":7,"TeardropLocket":28,"Whetstone":40,"Letter Opener":55,"War Paint":3,"Orichalcum":25,"White Beast Statue":43,"Mercury Hourglass":54,"Peace Pipe":23,"Blood Vial":54,"Centennial Puzzle":9,"Mummified Hand":26,"VioletLotus":34,"Red Mask":19,"PureWater":0,"StrikeDummy":10,"Runic Pyramid":17},{"Ice Cream":24,"Golden Idol":6,"Melange":29,"Yang":27,"Pen Nib":4,"TeardropLocket":14,"Whetstone":21,"Letter Opener":30,"War Paint":1,"Orichalcum":13,"White Beast Statue":23,"Mercury Hourglass":29,"Peace Pipe":12,"Blood Vial":29,"Centennial Puzzle":5,"Mummified Hand":13,"VioletLotus":17,"Red Mask":10,"PureWater":0,"StrikeDummy":6,"Runic Pyramid":8},{"Ice Cream":91,"Golden Idol":17,"Melange":123,"Yang":105,"Pen Nib":11,"TeardropLocket":44,"Whetstone":75,"Letter Opener":128,"War Paint":4,"Orichalcum":41,"White Beast Statue":88,"Mercury Hourglass":123,"Peace Pipe":37,"Blood Vial":123,"Centennial Puzzle":13,"Mummified Hand":41,"VioletLotus":57,"Red Mask":31,"PureWater":0,"StrikeDummy":17,"Runic Pyramid":23}]},"card_choices":[{"not_picked":["WindmillStrike","Halt"],"picked":"Tantrum","floor":1},{"not_picked":["FlyingSleeves","Crescendo"],"picked":"Halt","floor":4},{"not_picked":["Vengeance","Crescendo","Swivel"],"picked":"SKIP","floor":5},{"not_picked":["FollowUp","Blasphemy"],"picked":"TalkToTheHand","floor":7},{"not_picked":["Crescendo","FollowUp","Protect"],"picked":"SKIP","floor":8},{"not_picked":["Crescendo","SashWhip","Judgement"],"picked":"SKIP","floor":10},{"not_picked":["Crescendo","SashWhip","Judgement"],"picked":"SKIP","floor":10},{"not_picked":["Tantrum","Evaluate","PathToVictory"],"picked":"SKIP","floor":14},{"not_picked":["Prostrate","FlurryOfBlows","Crescendo"],"picked":"SKIP","floor":18},{"not_picked":["ClearTheMind+1","JustLucky+1"],"picked":"BowlingBash","floor":22},{"not_picked":["Evaluate","Nirvana","ClearTheMind"],"picked":"SKIP","floor":23},{"not_picked":["ReachHeaven+1","ThirdEye","Vengeance+1"],"picked":"SKIP","floor":25},{"not_picked":["ReachHeaven+1","ThirdEye","Vengeance+1"],"picked":"SKIP","floor":25},{"not_picked":["Halt","ReachHeaven"],"picked":"Vault","floor":28},{"not_picked":["FlurryOfBlows","CutThroughFate","PathToVictory"],"picked":"SKIP","floor":29},{"not_picked":["ThirdEye","BowlingBash","Collect"],"picked":"SKIP","floor":31},{"not_picked":["ReachHeaven","Prostrate","EmptyBody"],"picked":"SKIP","floor":35},{"not_picked":["Conclude","FollowUp"],"picked":"WheelKick+1","floor":38},{"not_picked":["PathToVictory","Fasting2","Conclude"],"picked":"SKIP","floor":39},{"not_picked":["Wish","SashWhip+1"],"picked":"Vault","floor":40},{"not_picked":["Crescendo+1","CarveReality","EmptyFist+1"],"picked":"SKIP","floor":41},{"not_picked":["Protect","JustLucky","Collect"],"picked":"SKIP","floor":42},{"not_picked":["Establishment","Conclude"],"picked":"CrushJoints","floor":44},{"not_picked":["Crescendo","EmptyFist"],"picked":"TalkToTheHand","floor":45},{"not_picked":["Indignation","FlyingSleeves"],"picked":"InnerPeace","floor":47},{"not_picked":["DeceiveReality+1","SignatureMove"],"picked":"EmptyMind","floor":48},{"not_picked":["Evaluate+1","Tantrum","InnerPeace+1"],"picked":"SKIP","floor":55}],"player_experience":12768584,"relics_obtained":[{"floor":7,"key":"Pen Nib"},{"floor":9,"key":"Centennial Puzzle"},{"floor":10,"key":"StrikeDummy"},{"floor":19,"key":"Red Mask"},{"floor":23,"key":"Peace Pipe"},{"floor":25,"key":"Orichalcum"},{"floor":26,"key":"Mummified Hand"},{"floor":28,"key":"TeardropLocket"},{"floor":40,"key":"Whetstone"},{"floor":43,"key":"White Beast Statue"},{"floor":44,"key":"Ice Cream"},{"floor":48,"key":"Yang"},{"floor":55,"key":"Letter Opener"}],"event_choices":[{"cards_removed":["Defend_P"],"damage_healed":0,"gold_gain":0,"player_choice":"Card Removal","damage_taken":0,"max_hp_gain":0,"max_hp_loss":0,"event_name":"The Cleric","floor":2,"gold_loss":75},{"damage_healed":0,"gold_gain":0,"player_choice":"Success","damage_taken":26,"relics_obtained":["War Paint"],"max_hp_gain":0,"max_hp_loss":0,"event_name":"Scrap Ooze","floor":3,"gold_loss":0},{"damage_healed":0,"gold_gain":0,"player_choice":"Lose Max HP","damage_taken":0,"relics_obtained":["Golden Idol"],"max_hp_gain":0,"max_hp_loss":6,"event_name":"Golden Idol","floor":12,"gold_loss":0},{"damage_healed":0,"gold_gain":0,"player_choice":"Fought Bandits","damage_taken":0,"max_hp_gain":0,"max_hp_loss":0,"event_name":"Masked Bandits","floor":19,"gold_loss":0},{"cards_removed":["Defend_P"],"damage_healed":0,"gold_gain":0,"player_choice":"Single Remove","damage_taken":0,"max_hp_gain":0,"max_hp_loss":0,"event_name":"Designer","floor":21,"gold_loss":75},{"damage_healed":0,"gold_gain":0,"player_choice":"Ignored","damage_taken":0,"max_hp_gain":0,"max_hp_loss":0,"event_name":"The Mausoleum","floor":24,"gold_loss":0},{"cards_removed":["Strike_P"],"damage_healed":0,"gold_gain":0,"player_choice":"Offered Basic","damage_taken":0,"max_hp_gain":0,"max_hp_loss":0,"event_name":"Bonfire Elementals","floor":36,"gold_loss":0},{"damage_healed":0,"gold_gain":0,"player_choice":"2 cards matched","damage_taken":0,"max_hp_gain":0,"max_hp_loss":0,"event_name":"Match and Keep!","floor":37,"gold_loss":0,"cards_obtained":["Wish","Clumsy"]}],"is_beta":false,"boss_relics":[{"not_picked":["SlaversCollar","Tiny House"],"picked":"Runic Pyramid"},{"not_picked":["Sozu","Fusion Hammer"],"picked":"VioletLotus"}],"items_purged_floors":[20,54],"is_endless":false,"potions_floor_spawned":[1,7,16,18,28,29,31,35,39,41,44,45,47,48,55],"ascension_level":20,"potion_discard_per_floor":[[],[],[],[],[],[],[],[],[],[],[],[],[],[],[],[],[],[],[],[],[],[],[],[],[],[],[],["BlessingOfTheForge"],[],[],[],[],[],[],[],[],[],[],[],[],[],[],[],[],[],[],[],[],[],[],[],[],[],["Block Potion"],[],[],[]]}