{"gold_per_floor":[117,127,145,145,15,41,55,90,141,173,186,13,33,60,60,138,138,158,158,158,19,19,19,50,65,65,65,146,181,197,231,231,305,305,323,131,131,156,170,195,216,249,328,350,175,193,193,225,225,225,225,225,225,8,52,52],"floor_reached":57,"playtime":5542,"items_purged":["Defend_P","Writhe","Bite"],"score":3285,"play_id":"0c89e69c-e51f-4c56-9a8e-a24280ccb522","local_time":"20220517012426","falling_options_log":["Vigilance+1","MentalFortress"],"is_ascension_mode":true,"campfire_choices":[{"data":"TalkToTheHand","floor":15,"key":"SMITH"},{"data":"Wallop","floor":23,"key":"SMITH"},{"data":"CutThroughFate","floor":27,"key":"SMITH"},{"data":"Eruption","floor":32,"key":"SMITH"},{"data":"Meditate","floor":47,"key":"SMITH"},{"floor":49,"key":"RECALL"},{"data":"Wallop","floor":53,"key":"SMITH"}],"neow_cost":"NONE","seed_source_timestamp":124798100836500,"shop_contents":[{"floor":5,"relics":["Anchor","Blood Vial","Strange Spoon"],"cards":["FlyingSleeves","Weave","Blasphemy","ConjureBlade","Fasting2","Forethought","Violence"],"potions":["StancePotion","EssenceOfSteel"]},{"floor":12,"relics":["Toy Ornithopter","Cauldron"],"cards":["Ragnarok","WindmillStrike","Crescendo","Collect","Study","Deep Breath","Transmutation"],"potions":["Weak Potion","StancePotion","AttackPotion"]},{"floor":21,"relics":["CloakClasp","Gambling Chip","Chemical X"],"cards":["WheelKick","DeceiveReality","Meditate","Nirvana","Bandage Up","Secret Technique"],"potions":["FearPotion","BottledMiracle","AttackPotion"]},{"floor":36,"relics":["Eternal Feather","Mummified Hand","Sling"],"cards":["WindmillStrike","SashWhip","Crescendo","EmptyBody","Impatience","Thinking Ahead"],"potions":["PowerPotion","ColorlessPotion","StancePotion"]},{"floor":45,"relics":["Ginger","Vajra","HandDrill"],"cards":["JustLucky","Pray","MentalFortress","Metamorphosis"],"potions":["Block Potion","Energy Potion","ColorlessPotion"]},{"floor":54,"relics":["TungstenRod","Orrery"],"cards":["SashWhip+1","Consecrate+1","Sanctity","EmptyBody","DevaForm","Mind Blast+1","Magnetism"],"potions":["FearPotion","Strength Potion"]}],"circlet_count":0,"master_deck":["AscendersBane","Eruption+1","Vigilance+1","FlurryOfBlows","FollowUp","Consecrate","TalkToTheHand+1","Wallop+1","Bite","Bite","Bite","CutThroughFate+1","MentalFortress","TalkToTheHand+1","Wallop+1","EmptyFist+1","FlurryOfBlows","Trip","Meditate+1","Wallop+1"],"potion_use_per_floor":[[],[],[],[],["Fruit Juice"],["Explosive Potion","GamblersBrew"],[],[],[],[],[],[],[],[],[],["Fire Potion"],[],["SkillPotion"],[],[],[],[],[],["AttackPotion"],[],[],[],[],[],[],[],[],["FearPotion"],[],[],[],[],[],[],[],[],[],[],[],[],[],[],["Energy Potion"],[],[],[],[],[],[],[],["Strength Potion","PowerPotion","StancePotion"],[]],"relics":["Busted Crown","War Paint","Oddly Smooth Stone","Strawberry","Orichalcum","Akabeko","Juzu Bracelet","Black Star","Nilry\u0027s Codex","Ancient Tea Set","Shuriken","Boot","TeardropLocket","Bottled Flame","Bag of Preparation","Gremlin Horn","CeramicFish","Happy Flower","Empty Cage","Dream Catcher","Bronze Scales","Potion Belt","GoldenEye","Regal Pillow","Molten Egg 2","Pen Nib","StrikeDummy","InkBottle"],"potions_floor_usage":[5,6,6,16,18,24,33,48,56,56,56],"damage_taken":[{"damage":0,"enemies":"Small Slimes","floor":1,"turns":2},{"damage":0,"enemies":"2 Louse","floor":2,"turns":2},{"damage":6,"enemies":"Cultist","floor":3,"turns":4},{"damage":0,"enemies":"3 Sentries","floor":6,"turns":3},{"damage":6,"enemies":"3 Louse","floor":7,"turns":2},{"damage":20,"enemies":"Lagavulin","floor":8,"turns":4},{"damage":0,"enemies":"Gremlin Nob","floor":10,"turns":2},{"damage":0,"enemies":"Large Slime","floor":11,"turns":4},{"damage":0,"enemies":"Blue Slaver","floor":13,"turns":1},{"damage":1,"enemies":"Lagavulin","floor":14,"turns":7},{"damage":0,"enemies":"Slime Boss","floor":16,"turns":6},{"damage":7,"enemies":"2 Thieves","floor":18,"turns":3},{"damage":0,"enemies":"Book of Stabbing","floor":24,"turns":4},{"damage":5,"enemies":"Spheric Guardian","floor":25,"turns":3},{"damage":0,"enemies":"Gremlin Leader","floor":29,"turns":3},{"damage":0,"enemies":"3 Cultists","floor":30,"turns":2},{"damage":4,"enemies":"Book of Stabbing","floor":31,"turns":3},{"damage":23,"enemies":"Collector","floor":33,"turns":5},{"damage":0,"enemies":"Orb Walker","floor":35,"turns":2},{"damage":0,"enemies":"3 Darklings","floor":38,"turns":2},{"damage":0,"enemies":"Transient","floor":39,"turns":6},{"damage":12,"enemies":"Nemesis","floor":40,"turns":5},{"damage":0,"enemies":"Sphere and 2 Shapes","floor":41,"turns":3},{"damage":0,"enemies":"Giant Head","floor":42,"turns":6},{"damage":0,"enemies":"Maw","floor":44,"turns":6},{"damage":0,"enemies":"Jaw Worm Horde","floor":46,"turns":3},{"damage":0,"enemies":"Nemesis","floor":48,"turns":2},{"damage":39,"enemies":"Donu and Deca","floor":50,"turns":9},{"damage":10,"enemies":"Awakened One","floor":51,"turns":7},{"damage":6,"enemies":"Shield and Spear","floor":55,"turns":4},{"damage":36,"enemies":"The Heart","floor":56,"turns":7}],"seed_played":"-2229179990447408026","neow_bonus_log":{"cardsObtained":[],"cardsUpgraded":[],"cardsRemoved":[],"cardsTransformed":[],"relicsObtained":["Busted Crown"],"maxHpGained":0,"goldGained":0,"damageTaken":0,"goldLost":0,"maxHpLost":0},"potions_obtained":[{"floor":1,"key":"Fruit Juice"},{"floor":2,"key":"GamblersBrew"},{"floor":6,"key":"Fire Potion"},{"floor":13,"key":"SmokeBomb"},{"floor":14,"key":"BlessingOfTheForge"},{"floor":16,"key":"SkillPotion"},{"floor":18,"key":"AttackPotion"},{"floor":25,"key":"BlessingOfTheForge"},{"floor":30,"key":"FearPotion"},{"floor":33,"key":"Energy Potion"},{"floor":40,"key":"ColorlessPotion"},{"floor":41,"key":"StancePotion"},{"floor":42,"key":"Strength Potion"},{"floor":55,"key":"BottledMiracle"}],"is_trial":false,"path_per_floor":["M","M","M","?","$","E","M","E","T","E","M","$","M","E","R","B",null,"M","?","?","$","?","R","E","M","T","R","T","E","M","E","R","B",null,"M","$","?","M","M","E","M","E","T","M","$","M","R","E","R","B","B",null,"R","$","E","B",null],"character_chosen":"WATCHER","items_purchased":["Explosive Potion","Akabeko","Wallop","MentalFortress","FlurryOfBlows","Trip","Meditate","PowerPotion","Pen Nib"],"campfire_rested":0,"item_purchase_floors":[5,12,21,36,45,45,45,54,54],"current_hp_per_floor":[61,61,55,55,60,60,54,34,41,41,41,41,41,40,40,40,70,63,42,42,42,42,42,52,51,51,51,51,56,56,56,56,41,52,56,56,56,56,56,48,54,56,56,56,56,56,56,56,56,35,31,50,50,50,44,12],"gold":52,"neow_bonus":"BOSS_RELIC","is_prod":false,"is_daily":false,"rewards_skipped":[],"chose_seed":false,"campfire_upgraded":6,"win_rate":0,"floor_exit_playtime":[63,125,167,178,269,472,537,613,618,711,776,819,857,1055,1066,1228,1309,1521,1530,1549,1653,1667,1703,1916,1965,1983,1995,2033,2142,2268,2357,2365,2526,2797,2838,2943,2950,3052,3244,3455,3587,3739,3745,3878,3974,4069,4077,4182,4187,4507,4772,4783,4811,4837,5065,5542],"timestamp":1652765066,"blue_key_relic_skipped_log":{"floor":43,"relicID":"Sundial"},"path_taken":["M","M","?","?","?","E","M","E","T","E","M","$","M","E","R","BOSS","M","?","?","$","?","R","E","M","T","R","?","E","M","E","R","BOSS","M","$","?","M","M","E","M","E","T","M","?","M","R","E","R","BOSS","BOSS","R","$","E","BOSS"],"build_version":"2022-03-07","purchased_purges":3,"victory":true,"max_hp_per_floor":[68,68,68,68,73,73,73,73,80,80,80,80,80,80,80,80,80,80,80,80,80,56,56,56,56,56,56,56,56,56,56,56,56,56,56,56,56,56,56,56,56,56,56,56,56,56,56,56,56,56,56,56,56,56,56,56],"relic_stats":{"Regal Pillow":0,"Gremlin Horn":[15,15],"Happy Flower":[22],"counters":[31,122],"Nilry\u0027s Codex":[8,19,3,34],"CeramicFish":72,"Pen Nib":[5],"Juzu Bracelet":0,"Bag of Preparation":[32],"War Paint":["Vigilance","Defend_P"],"Orichalcum":[78],"Ancient Tea Set":[12],"Boot":[110],"GoldenEye":[33],"Bottled Flame":"CutThroughFate","Dream Catcher":0,"Busted Crown":56,"Shuriken":[92],"Bronze Scales":[183],"Black Star":7,"obtain_stats":[{"Regal Pillow":48,"Gremlin Horn":29,"Nilry\u0027s Codex":19,"CeramicFish":31,"Juzu Bracelet":14,"Bag of Preparation":29,"TeardropLocket":26,"Ancient Tea Set":20,"Boot":24,"Empty Cage":34,"Dream Catcher":40,"Strawberry":9,"InkBottle":55,"Potion Belt":42,"Happy Flower":31,"Oddly Smooth Stone":8,"Pen Nib":54,"War Paint":6,"Orichalcum":10,"GoldenEye":42,"Akabeko":12,"Bottled Flame":28,"Busted Crown":0,"Shuriken":24,"Bronze Scales":40,"Molten Egg 2":48,"Black Star":17,"PureWater":0,"StrikeDummy":55},{"Regal Pillow":27,"Gremlin Horn":15,"Nilry\u0027s Codex":12,"CeramicFish":17,"Juzu Bracelet":10,"Bag of Preparation":15,"TeardropLocket":14,"Ancient Tea Set":12,"Boot":13,"Empty Cage":18,"Dream Catcher":22,"Strawberry":6,"InkBottle":30,"Potion Belt":24,"Happy Flower":17,"Oddly Smooth Stone":6,"Pen Nib":29,"War Paint":4,"Orichalcum":7,"GoldenEye":24,"Akabeko":8,"Bottled Flame":14,"Busted Crown":0,"Shuriken":13,"Bronze Scales":22,"Molten Egg 2":27,"Black Star":11,"PureWater":0,"StrikeDummy":30},{"Regal Pillow":95,"Gremlin Horn":50,"Nilry\u0027s Codex":40,"CeramicFish":55,"Juzu Bracelet":31,"Bag of Preparation":50,"TeardropLocket":47,"Ancient Tea Set":40,"Boot":44,"Empty Cage":60,"Dream Catcher":75,"Strawberry":17,"InkBottle":115,"Potion Belt":84,"Happy Flower":55,"Oddly Smooth Stone":17,"Pen Nib":111,"War Paint":11,"Orichalcum":19,"GoldenEye":84,"Akabeko":23,"Bottled Flame":47,"Busted Crown":0,"Shuriken":44,"Bronze Scales":75,"Molten Egg 2":95,"Black Star":37,"PureWater":0,"StrikeDummy":115}],"InkBottle":[4]},"card_choices":[{"not_picked":[],"picked":"FlurryOfBlows","floor":1},{"not_picked":[],"picked":"FollowUp","floor":2},{"not_picked":[],"picked":"Consecrate","floor":3},{"not_picked":["PathToVictory"],"picked":"SKIP","floor":6},{"not_picked":["CrushJoints"],"picked":"SKIP","floor":7},{"not_picked":["Wireheading"],"picked":"SKIP","floor":8},{"not_picked":["DevaForm"],"picked":"SKIP","floor":10},{"not_picked":[],"picked":"TalkToTheHand","floor":11},{"not_picked":["Evaluate"],"picked":"SKIP","floor":13},{"not_picked":["SandsOfTime"],"picked":"SKIP","floor":14},{"not_picked":["SandsOfTime"],"picked":"SKIP","floor":14},{"not_picked":["Collect"],"picked":"SKIP","floor":18},{"not_picked":["Collect"],"picked":"SKIP","floor":18},{"not_picked":["Halt"],"picked":"SKIP","floor":24},{"not_picked":[],"picked":"CutThroughFate","floor":25},{"not_picked":["WreathOfFlame"],"picked":"SKIP","floor":29},{"not_picked":["Prostrate"],"picked":"SKIP","floor":30},{"not_picked":["SandsOfTime"],"picked":"SKIP","floor":31},{"not_picked":["Perseverance"],"picked":"SKIP","floor":35},{"not_picked":[],"picked":"TalkToTheHand+1","floor":38},{"not_picked":["Halt+1"],"picked":"SKIP","floor":39},{"not_picked":["Conclude+1"],"picked":"SKIP","floor":40},{"not_picked":["Conclude+1"],"picked":"SKIP","floor":40},{"not_picked":["Conclude+1"],"picked":"SKIP","floor":40},{"not_picked":[],"picked":"Wallop","floor":41},{"not_picked":["Consecrate+1"],"picked":"SKIP","floor":42},{"not_picked":[],"picked":"EmptyFist+1","floor":44},{"not_picked":["Conclude"],"picked":"SKIP","floor":46},{"not_picked":["ForeignInfluence"],"picked":"SKIP","floor":48},{"not_picked":[],"picked":"Wallop+1","floor":55}],"player_experience":12905121,"relics_obtained":[{"floor":6,"key":"War Paint"},{"floor":8,"key":"Oddly Smooth Stone"},{"floor":9,"key":"Strawberry"},{"floor":10,"key":"Orichalcum"},{"floor":14,"key":"Juzu Bracelet"},{"floor":19,"key":"Nilry\u0027s Codex"},{"floor":24,"key":"Shuriken"},{"floor":24,"key":"Boot"},{"floor":26,"key":"TeardropLocket"},{"floor":28,"key":"Bottled Flame"},{"floor":29,"key":"Bag of Preparation"},{"floor":29,"key":"Gremlin Horn"},{"floor":31,"key":"CeramicFish"},{"floor":31,"key":"Happy Flower"},{"floor":40,"key":"Dream Catcher"},{"floor":40,"key":"Bronze Scales"},{"floor":42,"key":"Potion Belt"},{"floor":42,"key":"GoldenEye"},{"floor":48,"key":"Regal Pillow"},{"floor":48,"key":"Molten Egg 2"},{"floor":55,"key":"StrikeDummy"},{"floor":55,"key":"InkBottle"}],"event_choices":[{"cards_removed":["Defend_P"],"damage_healed":0,"gold_gain":0,"player_choice":"Purged","damage_taken":0,"max_hp_gain":0,"max_hp_loss":0,"event_name":"Purifier","floor":4,"gold_loss":0},{"damage_healed":0,"gold_gain":0,"player_choice":"Obtained Book","damage_taken":21,"max_hp_gain":0,"max_hp_loss":0,"event_name":"Cursed Tome","floor":19,"gold_loss":0},{"damage_healed":0,"gold_gain":0,"player_choice":"Opened","damage_taken":0,"relics_obtained":["Ancient Tea Set"],"max_hp_gain":0,"max_hp_loss":0,"event_name":"The Mausoleum","floor":20,"gold_loss":0,"cards_obtained":["Writhe"]},{"damage_healed":0,"gold_gain":0,"player_choice":"Became a vampire","damage_taken":0,"max_hp_gain":0,"max_hp_loss":24,"event_name":"Vampires","floor":22,"gold_loss":0,"cards_obtained":["Bite","Bite","Bite","Bite","Bite"]},{"cards_removed":["Bite"],"damage_healed":0,"gold_gain":0,"player_choice":"Removed Attack","damage_taken":0,"max_hp_gain":0,"max_hp_loss":0,"event_name":"Falling","floor":37,"gold_loss":0}],"is_beta":false,"boss_relics":[{"not_picked":["Velvet Choker","Tiny House"],"picked":"Black Star"},{"not_picked":["Snecko Eye","Runic Dome"],"picked":"Empty Cage"}],"items_purged_floors":[5,21,36],"is_endless":false,"potions_floor_spawned":[1,2,6,13,14,16,18,25,30,33,40,41,42,55],"ascension_level":20,"potion_discard_per_floor":[[],[],[],[],[],[],[],[],[],[],[],[],[],["SmokeBomb"],[],[],[],[],[],[],[],[],[],[],[],[],[],[],[],["BlessingOfTheForge"],[],[],[],[],[],[],[],[],[],["BlessingOfTheForge"],["ColorlessPotion"],[],[],[],[],[],[],[],[],[],[],[],[],[],[],["BottledMiracle"],[]]}