{"gold_per_floor":[14,14,64,76,76,108,125,38,61,61,75,109,128,138,138,213,213,226,226,226,151,151,151,176,195,195,221,246,258,270,310,322,406,418,450,362,432,477,477,502,377,395,395,395,407,442,459,475,475,475,475,475,475,5,38,38],"floor_reached":56,"playtime":4774,"items_purged":["Defend_P","Strike_P","Strike_P","Vigilance"],"score":2360,"play_id":"987954ff-0d4d-472d-809a-6beb43ae15f6","local_time":"20220515011807","falling_options_log":["Ghostly","MentalFortress"],"is_ascension_mode":true,"campfire_choices":[{"data":"Eruption","floor":10,"key":"SMITH"},{"data":"CrushJoints","floor":15,"key":"SMITH"},{"data":"RitualDagger","floor":23,"key":"SMITH"},{"data":"Tantrum","floor":32,"key":"SMITH"},{"floor":44,"key":"RECALL"},{"floor":49,"key":"REST"},{"floor":53,"key":"REST"}],"neow_cost":"NO_GOLD","seed_source_timestamp":1981395915565600,"shop_contents":[{"floor":8,"relics":["Regal Pillow","Question Card","Cauldron"],"cards":["FlyingSleeves","Evaluate","Worship","Wireheading","Bandage Up","Violence"],"potions":["Dexterity Potion","Ancient Potion","LiquidMemories"]},{"floor":21,"relics":["Pocketwatch","Lizard Tail","ClockworkSouvenir"],"cards":["FlyingSleeves","BowlingBash","Vengeance","Indignation","Wireheading","Deep Breath","Master of Strategy"],"potions":["Weak Potion","Block Potion","Dexterity Potion"]},{"floor":36,"relics":["Centennial Puzzle","Damaru","TheAbacus"],"cards":["EmptyFist","SandsOfTime","Pray","Crescendo","BattleHymn","Flash of Steel","Violence"],"potions":["Strength Potion","BlessingOfTheForge","Fruit Juice"]},{"floor":41,"relics":["Oddly Smooth Stone","Shovel","Chemical X"],"cards":["ReachHeaven","FearNoEvil","Alpha","Crescendo","Nirvana","Bandage Up","Violence"],"potions":["AttackPotion","StancePotion","Explosive Potion"]},{"floor":54,"relics":["Pantograph","Eternal Feather"],"cards":["Consecrate","Halt","Prostrate","Fasting2","Deep Breath","Master of Strategy"],"potions":["SpeedPotion"]}],"circlet_count":0,"master_deck":["AscendersBane","Strike_P","Strike_P","Eruption+1","CrushJoints+1","MentalFortress","Tantrum+1","EmptyFist","RitualDagger+1","Ghostly","Ghostly","Ghostly","FearNoEvil","EmptyMind","Ghostly","CutThroughFate","Tantrum"],"potion_use_per_floor":[[],[],[],[],[],[],[],[],[],[],[],[],[],[],[],["PowerPotion"],[],[],[],[],[],[],[],[],[],[],[],["Dexterity Potion"],[],[],[],[],["EssenceOfSteel","SteroidPotion"],[],[],[],[],["AttackPotion"],[],[],[],[],[],[],[],["LiquidMemories"],[],[],[],["Strength Potion"],["Strength Potion"],[],[],[],[],["Strength Potion","Swift Potion"]],"relics":["PureWater","StrikeDummy","Orichalcum","Dream Catcher","Anchor","SacredBark","InkBottle","MawBank","Boot","SlaversCollar","CloakClasp","White Beast Statue","Bottled Flame","PreservedInsect","DollysMirror","CaptainsWheel"],"potions_floor_usage":[16,28,33,33,38,46,50,51,56,56],"damage_taken":[{"damage":7,"enemies":"Small Slimes","floor":1,"turns":3},{"damage":0,"enemies":"2 Louse","floor":4,"turns":1},{"damage":0,"enemies":"Gremlin Nob","floor":6,"turns":2},{"damage":0,"enemies":"Cultist","floor":7,"turns":2},{"damage":0,"enemies":"3 Louse","floor":11,"turns":1},{"damage":4,"enemies":"3 Sentries","floor":12,"turns":3},{"damage":0,"enemies":"2 Fungi Beasts","floor":13,"turns":1},{"damage":0,"enemies":"Exordium Wildlife","floor":14,"turns":1},{"damage":8,"enemies":"The Guardian","floor":16,"turns":8},{"damage":0,"enemies":"Chosen","floor":18,"turns":2},{"damage":0,"enemies":"Gremlin Leader","floor":24,"turns":4},{"damage":0,"enemies":"Spheric Guardian","floor":25,"turns":1},{"damage":5,"enemies":"Centurion and Healer","floor":27,"turns":5},{"damage":2,"enemies":"Snake Plant","floor":28,"turns":5},{"damage":0,"enemies":"Slavers","floor":31,"turns":4},{"damage":0,"enemies":"Champ","floor":33,"turns":5},{"damage":0,"enemies":"3 Shapes","floor":35,"turns":4},{"damage":0,"enemies":"2 Orb Walkers","floor":38,"turns":1},{"damage":0,"enemies":"Reptomancer","floor":40,"turns":4},{"damage":0,"enemies":"Orb Walker","floor":42,"turns":1},{"damage":0,"enemies":"Writhing Mass","floor":45,"turns":4},{"damage":0,"enemies":"Giant Head","floor":46,"turns":4},{"damage":0,"enemies":"Transient","floor":47,"turns":6},{"damage":0,"enemies":"Sphere and 2 Shapes","floor":48,"turns":4},{"damage":3,"enemies":"Time Eater","floor":50,"turns":4},{"damage":18,"enemies":"Donu and Deca","floor":51,"turns":6},{"damage":0,"enemies":"Shield and Spear","floor":55,"turns":3},{"damage":55,"enemies":"The Heart","floor":56,"turns":5}],"seed_played":"2990798054851290570","neow_bonus_log":{"cardsObtained":[],"cardsUpgraded":[],"cardsRemoved":["Defend_P","Defend_P"],"cardsTransformed":[],"relicsObtained":[],"maxHpGained":0,"goldGained":0,"damageTaken":0,"goldLost":99,"maxHpLost":0},"potions_obtained":[{"floor":1,"key":"LiquidBronze"},{"floor":6,"key":"BottledMiracle"},{"floor":14,"key":"PowerPotion"},{"floor":24,"key":"Dexterity Potion"},{"floor":28,"key":"SteroidPotion"},{"floor":31,"key":"EssenceOfSteel"},{"floor":33,"key":"LiquidMemories"},{"floor":35,"key":"AttackPotion"},{"floor":42,"key":"Strength Potion"},{"floor":46,"key":"BlessingOfTheForge"},{"floor":47,"key":"GamblersBrew"},{"floor":48,"key":"Strength Potion"},{"floor":55,"key":"Strength Potion"}],"is_trial":false,"path_per_floor":["M","?","?","M","?","E","M","$","T","R","M","E","M","M","R","B",null,"M","?","?","$","?","R","E","M","T","M","M","?","?","E","R","B",null,"M","$","T","?","?","E","$","M","T","R","M","E","M","M","R","B","B",null,"R","$","E","B"],"character_chosen":"WATCHER","items_purchased":["Tantrum","DollysMirror","Swift Potion","CutThroughFate","Weak Potion"],"campfire_rested":2,"item_purchase_floors":[8,54,54,54,54],"current_hp_per_floor":[54,43,43,43,36,36,36,36,36,36,36,32,32,32,32,24,57,57,51,34,34,34,34,34,34,34,29,27,20,20,20,20,20,34,34,34,34,34,34,34,34,34,34,34,34,34,34,34,39,36,18,34,39,39,39,0],"gold":38,"neow_bonus":"REMOVE_TWO","is_prod":false,"is_daily":false,"rewards_skipped":[{"floor":45,"relics":[],"potions":["Fire Potion"]}],"chose_seed":false,"campfire_upgraded":4,"win_rate":0,"floor_exit_playtime":[233,237,249,319,333,432,504,542,600,608,653,774,896,946,952,1186,1602,1661,1691,1704,1772,1793,1802,1904,1929,1947,2064,2142,2149,2160,2290,2305,2466,2529,2617,2830,2861,2928,2937,3057,3128,3189,3228,3239,3324,3620,3780,3971,3994,4095,4234,4247,4257,4411,4511],"timestamp":1652591887,"blue_key_relic_skipped_log":{"floor":37,"relicID":"Molten Egg 2"},"path_taken":["M","?","?","M","?","E","?","?","T","R","M","E","M","M","R","BOSS","M","?","?","$","?","R","E","M","T","M","?","?","?","E","R","BOSS","M","$","?","?","?","E","$","?","T","R","M","E","M","M","R","BOSS","BOSS","R","$","E","BOSS"],"build_version":"2022-03-07","purchased_purges":4,"victory":false,"max_hp_per_floor":[68,68,68,68,68,68,68,68,68,68,68,68,68,68,68,68,68,68,68,34,34,34,34,34,34,34,34,34,39,39,39,39,39,39,39,39,39,39,39,39,39,39,39,39,39,39,39,39,39,39,39,39,39,39,39,39],"relic_stats":{"Dream Catcher":2,"Bottled Flame":"RitualDagger","counters":[28,94],"PreservedInsect":77,"CloakClasp":[90],"PureWater":[26],"Orichalcum":[174],"MawBank":120,"Boot":[97],"obtain_stats":[{"SacredBark":17,"PreservedInsect":46,"CloakClasp":38,"Orichalcum":6,"MawBank":26,"Boot":31,"White Beast Statue":40,"SlaversCollar":34,"Dream Catcher":9,"Anchor":12,"Bottled Flame":43,"CaptainsWheel":55,"DollysMirror":54,"PureWater":0,"StrikeDummy":2,"InkBottle":24},{"SacredBark":9,"PreservedInsect":22,"CloakClasp":18,"Orichalcum":3,"MawBank":12,"Boot":15,"White Beast Statue":19,"SlaversCollar":16,"Dream Catcher":4,"Anchor":6,"Bottled Flame":20,"CaptainsWheel":27,"DollysMirror":26,"PureWater":0,"StrikeDummy":1,"InkBottle":11},{"SacredBark":22,"PreservedInsect":66,"CloakClasp":53,"Orichalcum":6,"MawBank":29,"Boot":43,"White Beast Statue":57,"SlaversCollar":48,"Dream Catcher":8,"Anchor":12,"Bottled Flame":58,"CaptainsWheel":89,"DollysMirror":86,"PureWater":0,"StrikeDummy":3,"InkBottle":28}],"InkBottle":[26],"White Beast Statue":[0.0,0.0,0.0,0.4,0.0,0.6000000000000001,0.0,0.0,0.0,0.0,0.0,2.9]},"card_choices":[{"not_picked":["FollowUp","Protect"],"picked":"CrushJoints","floor":1},{"not_picked":["BowlingBash","Crescendo"],"picked":"CutThroughFate","floor":4},{"not_picked":["FollowUp","CutThroughFate"],"picked":"MentalFortress","floor":6},{"not_picked":["JustLucky","ReachHeaven","Consecrate"],"picked":"SKIP","floor":7},{"not_picked":["Halt","Wish"],"picked":"EmptyFist","floor":11},{"not_picked":["PathToVictory","Nirvana","FlurryOfBlows"],"picked":"SKIP","floor":12},{"not_picked":["ClearTheMind","Indignation","EmptyBody"],"picked":"SKIP","floor":13},{"not_picked":["Protect","Evaluate","FollowUp"],"picked":"SKIP","floor":14},{"not_picked":["SignatureMove+1","PathToVictory","JustLucky"],"picked":"SKIP","floor":18},{"not_picked":["FollowUp","LikeWater","Halt","JustLucky","Protect","Prostrate","Tantrum","CutThroughFate","SignatureMove","ForeignInfluence","FlyingSleeves","EmptyMind","WreathOfFlame","SandsOfTime","Conclude","Weave","CrushJoints","EmptyBody","EmptyFist"],"picked":"FearNoEvil","floor":22},{"not_picked":["Fasting2","Conclude","Prostrate+1"],"picked":"SKIP","floor":24},{"not_picked":["ClearTheMind","FlyingSleeves+1","Evaluate+1"],"picked":"SKIP","floor":25},{"not_picked":["ThirdEye","WaveOfTheHand","EmptyBody"],"picked":"SKIP","floor":27},{"not_picked":["ThirdEye","WaveOfTheHand","EmptyBody"],"picked":"SKIP","floor":27},{"not_picked":["Crescendo","LikeWater","Protect"],"picked":"SKIP","floor":28},{"not_picked":["SignatureMove","Perseverance","Weave"],"picked":"SKIP","floor":31},{"not_picked":["Halt","EmptyFist+1","CutThroughFate"],"picked":"SKIP","floor":35},{"not_picked":["PathToVictory","FlyingSleeves","Tantrum+1"],"picked":"SKIP","floor":40},{"not_picked":["PathToVictory+1","Halt","ThirdEye"],"picked":"SKIP","floor":42},{"not_picked":["Consecrate+1","Crescendo"],"picked":"EmptyMind","floor":45},{"not_picked":["Fasting2","FlurryOfBlows","PathToVictory"],"picked":"SKIP","floor":46},{"not_picked":["EmptyBody+1","BattleHymn+1","Devotion"],"picked":"SKIP","floor":47},{"not_picked":["FlyingSleeves","Fasting2","InnerPeace"],"picked":"SKIP","floor":48},{"not_picked":["FlyingSleeves","Fasting2","InnerPeace"],"picked":"SKIP","floor":48},{"not_picked":["FollowUp","DeusExMachina"],"picked":"Tantrum","floor":55}],"player_experience":12886815,"relics_obtained":[{"floor":6,"key":"Orichalcum"},{"floor":9,"key":"Dream Catcher"},{"floor":12,"key":"Anchor"},{"floor":24,"key":"InkBottle"},{"floor":26,"key":"MawBank"},{"floor":31,"key":"Boot"},{"floor":38,"key":"CloakClasp"},{"floor":40,"key":"White Beast Statue"},{"floor":43,"key":"Bottled Flame"},{"floor":46,"key":"PreservedInsect"},{"floor":55,"key":"CaptainsWheel"}],"event_choices":[{"damage_healed":0,"gold_gain":0,"player_choice":"Success","damage_taken":11,"relics_obtained":["StrikeDummy"],"max_hp_gain":0,"max_hp_loss":0,"event_name":"Scrap Ooze","floor":2,"gold_loss":0},{"damage_healed":0,"gold_gain":50,"player_choice":"Pray","damage_taken":0,"max_hp_gain":0,"max_hp_loss":0,"event_name":"Golden Shrine","floor":3,"gold_loss":0},{"cards_removed":["Defend_P"],"damage_healed":0,"gold_gain":0,"player_choice":"Card Removal","damage_taken":7,"max_hp_gain":0,"max_hp_loss":0,"event_name":"Golden Wing","floor":5,"gold_loss":0},{"damage_healed":0,"gold_gain":0,"player_choice":"Joined the Cult","damage_taken":6,"max_hp_gain":0,"max_hp_loss":0,"event_name":"Nest","floor":19,"gold_loss":0,"cards_obtained":["RitualDagger"]},{"damage_healed":0,"gold_gain":0,"player_choice":"Became a Ghost","damage_taken":0,"max_hp_gain":0,"max_hp_loss":34,"event_name":"Ghosts","floor":20,"gold_loss":0,"cards_obtained":["Ghostly","Ghostly","Ghostly"]},{"damage_healed":0,"gold_gain":0,"player_choice":"Read","damage_taken":0,"max_hp_gain":0,"max_hp_loss":0,"event_name":"The Library","floor":22,"gold_loss":0,"cards_obtained":["FearNoEvil"]},{"damage_healed":0,"gold_gain":0,"player_choice":"Shed Blood","damage_taken":12,"max_hp_gain":5,"max_hp_loss":0,"event_name":"Forgotten Altar","floor":29,"gold_loss":0},{"damage_healed":0,"gold_gain":0,"player_choice":"Ignored","damage_taken":0,"max_hp_gain":0,"max_hp_loss":0,"event_name":"Vampires","floor":30,"gold_loss":0},{"damage_healed":0,"gold_gain":0,"player_choice":"Fight","damage_taken":0,"max_hp_gain":0,"max_hp_loss":0,"event_name":"Mysterious Sphere","floor":38,"gold_loss":0},{"cards_removed":["CutThroughFate"],"damage_healed":0,"gold_gain":0,"player_choice":"Removed Attack","damage_taken":0,"max_hp_gain":0,"max_hp_loss":0,"event_name":"Falling","floor":39,"gold_loss":0}],"is_beta":false,"boss_relics":[{"not_picked":["Snecko Eye","Sozu"],"picked":"SacredBark"},{"not_picked":["Cursed Key","HolyWater"],"picked":"SlaversCollar"}],"items_purged_floors":[21,36,41,54],"is_endless":false,"potions_floor_spawned":[1,6,14,24,28,31,33,35,42,45,46,47,48,55],"killed_by":"The Heart","ascension_level":20,"potion_discard_per_floor":[[],[],[],[],[],[],[],[],[],[],[],[],[],["LiquidBronze"],[],[],[],[],[],[],[],[],[],[],[],[],[],[],[],[],["BottledMiracle"],[],[],[],[],[],[],[],[],[],[],[],[],[],[],[],["BlessingOfTheForge"],["GamblersBrew"],[],[],[],[],[],[],["Weak Potion"],[]]}