{"gold_per_floor":[119,129,144,144,144,165,206,220,220,251,275,315,315,353,353,446,446,461,461,481,113,126,126,166,166,190,199,221,251,291,314,314,422,422,454,454,486,558,558,594,594,637,717,750,154,182,231,255,255,255,255,255,255,1,42,42],"floor_reached":57,"playtime":7107,"items_purged":["Defend_P","Parasite","Strike_P"],"score":3253,"play_id":"88dd194f-13be-44bd-8337-b2ebc7c6e554","local_time":"20220511001733","falling_options_log":["Vigilance","Adaptation"],"is_ascension_mode":true,"campfire_choices":[{"data":"Eruption","floor":13,"key":"SMITH"},{"data":"BowlingBash","floor":15,"key":"SMITH"},{"data":"DeusExMachina","floor":23,"key":"SMITH"},{"data":"Consecrate","floor":25,"key":"SMITH"},{"data":"Fasting2","floor":32,"key":"SMITH"},{"data":"Adaptation","floor":41,"key":"SMITH"},{"floor":49,"key":"RECALL"},{"data":"Meditate","floor":53,"key":"SMITH"}],"neow_cost":"NONE","seed_source_timestamp":1629755544695800,"shop_contents":[{"floor":21,"relics":["MealTicket","Ginger"],"cards":["Conclude","CarveReality","ForeignInfluence","ThirdEye","Master of Strategy"],"potions":["Energy Potion","CultistPotion","BottledMiracle"]},{"floor":45,"relics":["DollysMirror"],"cards":["JustLucky","ClearTheMind","EmptyBody","Adaptation","Finesse","Sadistic Nature"],"potions":["LiquidMemories","EssenceOfSteel","CultistPotion"]},{"floor":54,"relics":["Whetstone","CaptainsWheel","Lee\u0027s Waffle"],"cards":["EmptyFist","SignatureMove","PathToVictory","Wireheading","Dark Shackles","Sadistic Nature"],"potions":["SkillPotion","Dexterity Potion"]}],"circlet_count":0,"master_deck":["AscendersBane","Strike_P","Strike_P","Eruption+1","Vigilance","CutThroughFate","EmptyFist","BowlingBash+1","Consecrate+1","DeceiveReality","DeusExMachina+1","Study+1","Conclude+1","Protect+1","Meditate+1","Fasting2+1","Flash of Steel","Adaptation+1","MentalFortress","CutThroughFate","Establishment","Halt","ClearTheMind+1","Sanctity","DeceiveReality","Tantrum","Scrawl","FearNoEvil+1","Meditate+1","InnerPeace"],"potion_use_per_floor":[[],[],[],[],[],[],["Regen Potion","Energy Potion"],[],[],["DistilledChaos"],[],[],[],[],[],["LiquidBronze"],[],[],[],[],[],[],[],["BlessingOfTheForge"],[],[],[],[],[],[],[],[],["AttackPotion"],[],[],[],[],["Explosive Potion"],[],["Strength Potion"],[],[],[],["EntropicBrew"],[],[],[],[],[],[],[],[],[],[],[],["DuplicationPotion","DuplicationPotion","SteroidPotion","Weak Potion"],[]],"relics":["Black Star","Golden Idol","Mercury Hourglass","Calipers","Eternal Feather","Turnip","Nunchaku","Vajra","Bag of Preparation","Art of War","Bottled Lightning","Astrolabe","Nilry\u0027s Codex","OrangePellets","TungstenRod","CeramicFish","Pen Nib","Juzu Bracelet","Tiny Chest","Coffee Dripper","Incense Burner","InkBottle","Potion Belt","Ornamental Fan","Anchor","Lantern","HornCleat","Toy Ornithopter","Du-Vu Doll","Damaru","Bronze Scales"],"potions_floor_usage":[7,7,10,16,24,33,38,40,44,56,56,56,56],"damage_taken":[{"damage":8,"enemies":"Small Slimes","floor":1,"turns":5},{"damage":8,"enemies":"Jaw Worm","floor":2,"turns":5},{"damage":0,"enemies":"Cultist","floor":3,"turns":2},{"damage":6,"enemies":"Looter","floor":6,"turns":4},{"damage":15,"enemies":"3 Sentries","floor":7,"turns":5},{"damage":4,"enemies":"Exordium Thugs","floor":8,"turns":4},{"damage":0,"enemies":"Gremlin Nob","floor":10,"turns":2},{"damage":5,"enemies":"3 Louse","floor":11,"turns":3},{"damage":12,"enemies":"3 Sentries","floor":12,"turns":5},{"damage":0,"enemies":"Lagavulin","floor":14,"turns":5},{"damage":2,"enemies":"The Guardian","floor":16,"turns":10},{"damage":0,"enemies":"2 Thieves","floor":18,"turns":1},{"damage":0,"enemies":"Spheric Guardian","floor":20,"turns":2},{"damage":0,"enemies":"3 Cultists","floor":22,"turns":3},{"damage":14,"enemies":"Book of Stabbing","floor":24,"turns":4},{"damage":0,"enemies":"Centurion and Healer","floor":28,"turns":3},{"damage":4,"enemies":"Snake Plant","floor":29,"turns":4},{"damage":0,"enemies":"Gremlin Leader","floor":30,"turns":3},{"damage":0,"enemies":"Shelled Parasite and Fungi","floor":31,"turns":3},{"damage":0,"enemies":"Automaton","floor":33,"turns":2},{"damage":0,"enemies":"Orb Walker","floor":35,"turns":1},{"damage":4,"enemies":"3 Darklings","floor":37,"turns":3},{"damage":47,"enemies":"2 Orb Walkers","floor":38,"turns":4},{"damage":1,"enemies":"Reptomancer","floor":40,"turns":4},{"damage":5,"enemies":"Giant Head","floor":42,"turns":6},{"damage":0,"enemies":"Writhing Mass","floor":44,"turns":5},{"damage":0,"enemies":"Transient","floor":46,"turns":6},{"damage":0,"enemies":"Reptomancer","floor":47,"turns":1},{"damage":13,"enemies":"Jaw Worm Horde","floor":48,"turns":7},{"damage":4,"enemies":"Donu and Deca","floor":50,"turns":12},{"damage":0,"enemies":"Awakened One","floor":51,"turns":11},{"damage":0,"enemies":"Shield and Spear","floor":55,"turns":6},{"damage":5,"enemies":"The Heart","floor":56,"turns":5}],"seed_played":"-963768443531533367","neow_bonus_log":{"cardsObtained":[],"cardsUpgraded":[],"cardsRemoved":[],"cardsTransformed":[],"relicsObtained":["Black Star"],"maxHpGained":0,"goldGained":0,"damageTaken":0,"goldLost":0,"maxHpLost":0},"potions_obtained":[{"floor":3,"key":"Regen Potion"},{"floor":6,"key":"Energy Potion"},{"floor":8,"key":"DistilledChaos"},{"floor":12,"key":"Strength Potion"},{"floor":14,"key":"LiquidBronze"},{"floor":18,"key":"BlessingOfTheForge"},{"floor":24,"key":"AttackPotion"},{"floor":35,"key":"Explosive Potion"},{"floor":42,"key":"EntropicBrew"},{"floor":47,"key":"BottledMiracle"}],"is_trial":false,"path_per_floor":["M","M","M","?","?","M","E","M","T","E","M","E","R","E","R","B",null,"M","?","M","$","M","R","E","R","T","?","M","M","E","M","R","B",null,"M","?","M","?","?","E","R","E","T","M","$","M","E","M","R","B","B",null,"R","$","E","B",null],"character_chosen":"WATCHER","items_purchased":["Fasting2","OrangePellets","Flash of Steel","Tantrum","Lantern","HornCleat","InnerPeace","Weak Potion"],"campfire_rested":0,"item_purchase_floors":[21,21,21,45,45,45,54,54],"current_hp_per_floor":[53,45,45,45,45,39,38,34,34,34,29,17,26,26,35,33,55,55,34,34,34,34,43,29,38,38,38,38,34,34,34,46,46,58,58,58,54,7,7,6,21,16,16,16,16,16,16,3,21,17,17,46,56,56,56,56],"gold":42,"neow_bonus":"BOSS_RELIC","is_prod":false,"is_daily":false,"rewards_skipped":[{"floor":30,"relics":[],"potions":["Strength Potion"]}],"chose_seed":false,"campfire_upgraded":7,"win_rate":0,"floor_exit_playtime":[237,305,344,349,356,422,523,603,607,666,716,824,831,1192,1284,1479,1610,1640,1665,1734,1872,1944,1952,2145,2164,2168,2193,2277,2394,2569,2663,2671,2856,2920,2963,2976,3076,3320,3341,3659,3696,4056,4061,4324,4443,4650,4711,4947,5023,5711,6388,6403,6423,6527,6848,7107],"timestamp":1652242653,"blue_key_relic_skipped_log":{"floor":43,"relicID":"Shuriken"},"path_taken":["M","M","M","?","?","M","E","M","T","E","M","E","R","E","R","BOSS","M","?","M","$","M","R","E","R","T","?","?","M","E","M","R","BOSS","M","?","M","?","?","E","R","E","T","M","$","M","E","M","R","BOSS","BOSS","R","$","E","BOSS"],"build_version":"2022-03-07","purchased_purges":3,"victory":true,"max_hp_per_floor":[68,68,68,62,62,62,62,62,62,62,62,62,62,62,62,62,62,62,62,62,62,62,62,62,62,62,62,62,62,62,62,62,62,62,62,59,59,59,59,59,59,59,59,59,56,56,56,56,56,56,56,56,56,56,56,56],"relic_stats":{"Calipers":[1808],"counters":[33,146],"Golden Idol":240,"Nilry\u0027s Codex":[10,18,4,43],"Astrolabe":["Study","Conclude","Protect"],"CeramicFish":126,"Eternal Feather":91,"Pen Nib":[26],"Bag of Preparation":[48],"Juzu Bracelet":1,"Mercury Hourglass":[450],"OrangePellets":[17],"Nunchaku":[33],"Ornamental Fan":[156],"Bronze Scales":[48],"Tiny Chest":0,"Turnip":[6],"Black Star":10,"Art of War":[10],"Bottled Lightning":"DeusExMachina","obtain_stats":[{"Lantern":45,"Calipers":7,"Nilry\u0027s Codex":19,"CeramicFish":24,"Vajra":12,"Bag of Preparation":12,"Juzu Bracelet":30,"Incense Burner":38,"Nunchaku":10,"HornCleat":45,"Tiny Chest":30,"InkBottle":40,"Potion Belt":40,"Golden Idol":4,"Astrolabe":17,"Damaru":55,"Eternal Feather":9,"Pen Nib":26,"Mercury Hourglass":7,"Du-Vu Doll":47,"OrangePellets":21,"Anchor":42,"Ornamental Fan":42,"Bronze Scales":55,"Turnip":10,"Black Star":0,"Art of War":14,"Coffee Dripper":34,"Bottled Lightning":14,"PureWater":0,"TungstenRod":24,"Toy Ornithopter":47},{"Lantern":26,"Calipers":5,"Nilry\u0027s Codex":12,"CeramicFish":15,"Vajra":9,"Bag of Preparation":9,"Juzu Bracelet":18,"Incense Burner":23,"Nunchaku":7,"HornCleat":26,"Tiny Chest":18,"InkBottle":24,"Potion Belt":24,"Golden Idol":3,"Astrolabe":11,"Damaru":32,"Eternal Feather":6,"Pen Nib":15,"Mercury Hourglass":5,"Du-Vu Doll":28,"OrangePellets":13,"Anchor":25,"Ornamental Fan":25,"Bronze Scales":32,"Turnip":7,"Black Star":0,"Art of War":10,"Coffee Dripper":20,"Bottled Lightning":10,"PureWater":0,"TungstenRod":15,"Toy Ornithopter":28},{"Lantern":98,"Calipers":21,"Nilry\u0027s Codex":51,"CeramicFish":60,"Vajra":35,"Bag of Preparation":35,"Juzu Bracelet":70,"Incense Burner":83,"Nunchaku":27,"HornCleat":98,"Tiny Chest":70,"InkBottle":87,"Potion Belt":87,"Golden Idol":12,"Astrolabe":50,"Damaru":141,"Eternal Feather":25,"Pen Nib":60,"Mercury Hourglass":21,"Du-Vu Doll":105,"OrangePellets":53,"Anchor":93,"Ornamental Fan":93,"Bronze Scales":141,"Turnip":27,"Black Star":0,"Art of War":40,"Coffee Dripper":75,"Bottled Lightning":40,"PureWater":0,"TungstenRod":60,"Toy Ornithopter":105}],"TungstenRod":16,"InkBottle":[46],"Toy Ornithopter":5},"card_choices":[{"not_picked":["Worship","SandsOfTime"],"picked":"CutThroughFate","floor":1},{"not_picked":["Halt","BowlingBash"],"picked":"EmptyFist","floor":2},{"not_picked":["Evaluate","Crescendo"],"picked":"BowlingBash","floor":3},{"not_picked":["EmptyFist","Crescendo"],"picked":"Consecrate","floor":6},{"not_picked":["JustLucky","FollowUp","ReachHeaven"],"picked":"SKIP","floor":7},{"not_picked":["Prostrate","FlyingSleeves","EmptyFist"],"picked":"SKIP","floor":8},{"not_picked":["CrushJoints","Nirvana"],"picked":"DeceiveReality","floor":10},{"not_picked":["WheelKick","SignatureMove","WindmillStrike"],"picked":"SKIP","floor":11},{"not_picked":["ReachHeaven","LikeWater"],"picked":"DeusExMachina","floor":12},{"not_picked":["Consecrate","Conclude","LikeWater"],"picked":"SKIP","floor":14},{"not_picked":["Consecrate","Conclude","LikeWater"],"picked":"SKIP","floor":14},{"not_picked":["Evaluate","EmptyFist","WheelKick"],"picked":"SKIP","floor":18},{"not_picked":["ClearTheMind","FearNoEvil"],"picked":"Meditate+1","floor":20},{"not_picked":["ReachHeaven","CutThroughFate","Protect+1"],"picked":"SKIP","floor":22},{"not_picked":["ConjureBlade","ClearTheMind","FollowUp"],"picked":"SKIP","floor":24},{"not_picked":["Wallop","FlurryOfBlows","BowlingBash","Consecrate","JustLucky","CutThroughFate","FollowUp","Crescendo","Pray","Vengeance","Halt","Indignation","Evaluate","Conclude","ThirdEye","SashWhip","FlyingSleeves","PathToVictory","WaveOfTheHand"],"picked":"Adaptation","floor":27},{"not_picked":["Collect","WreathOfFlame"],"picked":"MentalFortress","floor":28},{"not_picked":["PathToVictory","ForeignInfluence"],"picked":"CutThroughFate","floor":29},{"not_picked":["Protect","Collect","MentalFortress"],"picked":"SKIP","floor":30},{"not_picked":["BowlingBash","Crescendo","Prostrate"],"picked":"SKIP","floor":31},{"not_picked":["BowlingBash","Crescendo","Prostrate"],"picked":"SKIP","floor":31},{"not_picked":["ConjureBlade","DevaForm"],"picked":"Establishment","floor":33},{"not_picked":["JustLucky","Nirvana"],"picked":"Halt","floor":35},{"not_picked":["ThirdEye","Prostrate"],"picked":"ClearTheMind+1","floor":37},{"not_picked":["SashWhip","FlyingSleeves"],"picked":"Sanctity","floor":38},{"not_picked":["SashWhip","EmptyBody","Protect+1"],"picked":"SKIP","floor":40},{"not_picked":["Wallop","ThirdEye"],"picked":"DeceiveReality","floor":42},{"not_picked":["Worship","FollowUp+1","Evaluate+1"],"picked":"SKIP","floor":44},{"not_picked":["BattleHymn","PathToVictory"],"picked":"Scrawl","floor":46},{"not_picked":["CutThroughFate+1","SashWhip"],"picked":"FearNoEvil+1","floor":47},{"not_picked":["Protect","SashWhip"],"picked":"Meditate","floor":48},{"not_picked":["Protect+1","SignatureMove","Worship"],"picked":"SKIP","floor":55}],"player_experience":12862710,"relics_obtained":[{"floor":7,"key":"Mercury Hourglass"},{"floor":7,"key":"Calipers"},{"floor":9,"key":"Eternal Feather"},{"floor":10,"key":"Turnip"},{"floor":10,"key":"Nunchaku"},{"floor":12,"key":"Vajra"},{"floor":12,"key":"Bag of Preparation"},{"floor":14,"key":"Art of War"},{"floor":14,"key":"Bottled Lightning"},{"floor":19,"key":"Nilry\u0027s Codex"},{"floor":24,"key":"TungstenRod"},{"floor":24,"key":"CeramicFish"},{"floor":26,"key":"Pen Nib"},{"floor":30,"key":"Juzu Bracelet"},{"floor":30,"key":"Tiny Chest"},{"floor":38,"key":"Incense Burner"},{"floor":40,"key":"InkBottle"},{"floor":40,"key":"Potion Belt"},{"floor":42,"key":"Ornamental Fan"},{"floor":42,"key":"Anchor"},{"floor":47,"key":"Toy Ornithopter"},{"floor":47,"key":"Du-Vu Doll"},{"floor":55,"key":"Damaru"},{"floor":55,"key":"Bronze Scales"}],"event_choices":[{"damage_healed":0,"gold_gain":0,"player_choice":"Lose Max HP","damage_taken":0,"relics_obtained":["Golden Idol"],"max_hp_gain":0,"max_hp_loss":6,"event_name":"Golden Idol","floor":4,"gold_loss":0},{"damage_healed":0,"gold_gain":0,"player_choice":"Leave","damage_taken":0,"max_hp_gain":0,"max_hp_loss":0,"event_name":"FaceTrader","floor":5,"gold_loss":0},{"damage_healed":0,"gold_gain":0,"player_choice":"Obtained Book","damage_taken":21,"max_hp_gain":0,"max_hp_loss":0,"event_name":"Cursed Tome","floor":19,"gold_loss":0},{"damage_healed":0,"gold_gain":0,"player_choice":"Read","damage_taken":0,"max_hp_gain":0,"max_hp_loss":0,"event_name":"The Library","floor":27,"gold_loss":0,"cards_obtained":["Adaptation"]},{"damage_healed":0,"gold_gain":0,"player_choice":"Max HP","damage_taken":0,"max_hp_gain":0,"max_hp_loss":3,"event_name":"Winding Halls","floor":36,"gold_loss":0},{"damage_healed":0,"gold_gain":0,"player_choice":"Fight","damage_taken":0,"max_hp_gain":0,"max_hp_loss":0,"event_name":"Mysterious Sphere","floor":38,"gold_loss":0},{"cards_removed":["Strike_P"],"damage_healed":0,"gold_gain":0,"player_choice":"Removed Attack","damage_taken":0,"max_hp_gain":0,"max_hp_loss":0,"event_name":"Falling","floor":39,"gold_loss":0}],"is_beta":false,"boss_relics":[{"not_picked":["Empty Cage","Tiny House"],"picked":"Astrolabe"},{"not_picked":["Snecko Eye","Fusion Hammer"],"picked":"Coffee Dripper"}],"items_purged_floors":[21,45,54],"is_endless":false,"potions_floor_spawned":[3,6,8,12,14,18,24,30,35,42,47],"ascension_level":20,"potion_discard_per_floor":[[],[],[],[],[],[],[],[],[],[],[],[],[],[],[],[],[],[],[],[],[],[],[],[],[],[],[],[],[],[],[],[],[],[],[],[],[],[],[],[],[],[],[],[],[],[],["Explosive Potion"],[],[],[],[],[],[],["BottledMiracle"],[],[],[]]}