{"gold_per_floor":[112,127,277,3,3,3,19,47,47,67,14,14,14,41,41,114,114,134,34,34,47,47,47,66,66,138,138,138,138,153,165,165,239,239,256,271,271,146,166,194,44,64,110,143,143,143,154,174,174,174,174,174,174,11,41,41],"floor_reached":57,"playtime":5117,"items_purged":["Doubt","Defend_P","Strike_P","Defend_P"],"score":2940,"play_id":"a24d4e5d-1483-4402-96f0-bf0d51ceeb87","local_time":"20220613233720","falling_options_log":["Secret Technique","Adaptation+1"],"is_ascension_mode":true,"campfire_choices":[{"data":"Eruption","floor":6,"key":"SMITH"},{"data":"CrushJoints","floor":13,"key":"SMITH"},{"data":"Vault","floor":15,"key":"SMITH"},{"floor":23,"key":"REST"},{"data":"Vigilance","floor":25,"key":"SMITH"},{"data":"FollowUp","floor":27,"key":"SMITH"},{"data":"Defend_P","floor":32,"key":"SMITH"},{"data":"Vengeance","floor":46,"key":"SMITH"},{"floor":49,"key":"RECALL"},{"floor":53,"key":"REST"}],"neow_cost":"NONE","seed_source_timestamp":377178314749200,"shop_contents":[{"floor":4,"relics":["Whetstone","Strange Spoon"],"cards":["FlurryOfBlows","Consecrate","PathToVictory","Evaluate","Discovery","Master of Strategy"],"potions":["SkillPotion","Explosive Potion","Dexterity Potion"]},{"floor":11,"relics":["Matryoshka","Orichalcum","Membership Card"],"cards":["SashWhip","FlurryOfBlows","Evaluate","EmptyMind","Wireheading","Forethought","The Bomb"],"potions":["Ancient Potion","BlessingOfTheForge"]},{"floor":19,"relics":["Boot","Anchor","Chemical X"],"cards":["LessonLearned","CutThroughFate","Sanctity","Swivel","Study","Blind","Master of Strategy"],"potions":["BlessingOfTheForge","SkillPotion","Dexterity Potion"]},{"floor":22,"relics":["Lantern","Strawberry","Frozen Eye"],"cards":["EmptyFist","FollowUp","WaveOfTheHand","Protect","Adaptation","Trip","Sadistic Nature"],"potions":["FearPotion","FearPotion","Swift Potion"]},{"floor":38,"relics":["Dream Catcher","Unceasing Top","Cauldron"],"cards":["Weave","WindmillStrike","Meditate","PathToVictory","Wireheading","Deep Breath","Mayhem"],"potions":["LiquidBronze","EssenceOfSteel","Energy Potion"]},{"floor":41,"relics":["Regal Pillow","Ancient Tea Set","Lee\u0027s Waffle"],"cards":["SashWhip","FearNoEvil","Crescendo","Protect","Study","Madness","Violence"],"potions":["Swift Potion","Regen Potion","SkillPotion"]},{"floor":54,"relics":["Oddly Smooth Stone","White Beast Statue"],"cards":["JustLucky","Consecrate","Evaluate","Swivel","Nirvana","Deep Breath","Master of Strategy"],"potions":["Dexterity Potion","SkillPotion","BlessingOfTheForge"]}],"circlet_count":0,"master_deck":["AscendersBane","Strike_P+1","Defend_P+1","Eruption+1","Vigilance+1","FollowUp+1","Adaptation+1","CrushJoints+1","Vault+1","Vengeance+1","Secret Technique","Thinking Ahead"],"potion_use_per_floor":[[],[],[],[],[],[],[],["Block Potion"],[],[],[],[],[],[],[],["DistilledChaos"],[],[],[],[],[],[],[],[],[],[],[],[],[],[],[],[],[],[],[],["DistilledChaos"],[],[],[],["Explosive Potion"],[],[],[],[],[],[],[],[],[],[],["Swift Potion"],[],[],[],[],[],[]],"relics":["PureWater","Centennial Puzzle","TeardropLocket","Eternal Feather","Bag of Marbles","Nunchaku","VioletLotus","SacredBark","Mummified Hand","Toy Ornithopter","Mango","Medical Kit","Calipers"],"potions_floor_usage":[8,16,36,40,51],"damage_taken":[{"damage":0,"enemies":"Small Slimes","floor":1,"turns":2},{"damage":0,"enemies":"Cultist","floor":2,"turns":2},{"damage":0,"enemies":"Jaw Worm","floor":7,"turns":1},{"damage":25,"enemies":"3 Sentries","floor":8,"turns":5},{"damage":7,"enemies":"Large Slime","floor":10,"turns":2},{"damage":0,"enemies":"Lagavulin","floor":14,"turns":2},{"damage":0,"enemies":"Slime Boss","floor":16,"turns":6},{"damage":33,"enemies":"3 Byrds","floor":18,"turns":6},{"damage":11,"enemies":"Shell Parasite","floor":21,"turns":2},{"damage":0,"enemies":"Chosen and Byrds","floor":24,"turns":3},{"damage":12,"enemies":"Snake Plant","floor":30,"turns":2},{"damage":2,"enemies":"Centurion and Healer","floor":31,"turns":3},{"damage":22,"enemies":"Collector","floor":33,"turns":4},{"damage":1,"enemies":"3 Shapes","floor":35,"turns":3},{"damage":0,"enemies":"3 Darklings","floor":36,"turns":3},{"damage":0,"enemies":"Jaw Worm Horde","floor":39,"turns":4},{"damage":9,"enemies":"Reptomancer","floor":40,"turns":4},{"damage":0,"enemies":"Maw","floor":42,"turns":4},{"damage":1,"enemies":"Nemesis","floor":44,"turns":4},{"damage":7,"enemies":"Transient","floor":47,"turns":3},{"damage":0,"enemies":"Sphere and 2 Shapes","floor":48,"turns":3},{"damage":4,"enemies":"Donu and Deca","floor":50,"turns":3},{"damage":48,"enemies":"Time Eater","floor":51,"turns":9},{"damage":0,"enemies":"Shield and Spear","floor":55,"turns":3},{"damage":4,"enemies":"The Heart","floor":56,"turns":5}],"seed_played":"6532108075305670065","neow_bonus_log":{"cardsObtained":[],"cardsUpgraded":[],"cardsRemoved":["Defend_P"],"cardsTransformed":[],"relicsObtained":[],"maxHpGained":0,"goldGained":0,"damageTaken":0,"goldLost":0,"maxHpLost":0},"potions_obtained":[{"floor":7,"key":"Block Potion"},{"floor":8,"key":"DistilledChaos"},{"floor":16,"key":"FearPotion"},{"floor":21,"key":"Explosive Potion"},{"floor":30,"key":"Fire Potion"},{"floor":33,"key":"DistilledChaos"},{"floor":39,"key":"Explosive Potion"},{"floor":40,"key":"Swift Potion"},{"floor":42,"key":"ColorlessPotion"}],"is_trial":false,"path_per_floor":["M","M","?","$","?","R","M","E","T","M","$","?","R","E","R","B",null,"M","$","?","M","$","R","M","R","T","R","?","?","M","M","R","B",null,"M","M","?","$","M","E","$","M","T","E","?","R","M","M","R","B","B",null,"R","$","E","B",null],"character_chosen":"WATCHER","items_purchased":["Adaptation","Centennial Puzzle","FearPotion","Medical Kit"],"campfire_rested":2,"item_purchase_floors":[4,4,11,54],"current_hp_per_floor":[61,61,61,61,41,41,41,16,16,9,9,9,15,15,21,21,56,23,23,23,12,12,38,38,44,44,50,50,50,38,36,42,20,56,55,55,45,45,45,36,36,36,36,49,49,55,48,48,54,50,7,63,82,82,82,78],"gold":41,"neow_bonus":"REMOVE_CARD","is_prod":false,"is_daily":false,"rewards_skipped":[{"floor":47,"relics":[],"potions":["AttackPotion"]}],"chose_seed":false,"campfire_upgraded":7,"win_rate":0,"floor_exit_playtime":[256,289,310,395,452,459,541,971,977,1084,1130,1150,1158,1224,1240,1415,1639,1807,1824,1827,1875,1881,1895,1995,2002,2017,2043,2047,2066,2163,2214,2251,2405,2452,2611,2697,2865,2904,3005,3200,3283,3459,3463,3621,3838,3846,3931,4045,4050,4123,4643,4655,4668,4714,4875,5117],"timestamp":1655177840,"blue_key_relic_skipped_log":{"floor":26,"relicID":"Bottled Flame"},"path_taken":["M","M","?","$","?","R","M","E","T","?","?","?","R","E","R","BOSS","M","$","?","M","$","R","M","R","T","R","?","?","?","?","R","BOSS","M","M","?","$","M","E","$","M","T","E","?","R","?","M","R","BOSS","BOSS","R","$","E","BOSS"],"build_version":"2022-03-07","purchased_purges":4,"victory":true,"max_hp_per_floor":[68,68,68,68,68,68,68,68,68,68,68,68,68,68,68,68,68,68,68,68,68,68,68,68,68,68,68,68,68,68,68,68,68,68,68,68,68,68,68,68,68,68,68,82,82,82,82,82,82,82,82,82,82,82,82,82],"relic_stats":{"Centennial Puzzle":[42],"Nunchaku":[25],"Calipers":[334],"counters":[25,88],"Mummified Hand":[9],"Eternal Feather":54,"VioletLotus":[146],"PureWater":[12],"Medical Kit":[4],"obtain_stats":[{"Calipers":55,"SacredBark":34,"Eternal Feather":9,"Mango":44,"TeardropLocket":8,"Medical Kit":54,"Centennial Puzzle":4,"Nunchaku":14,"Mummified Hand":40,"VioletLotus":17,"Bag of Marbles":12,"PureWater":0,"Toy Ornithopter":43},{"Calipers":24,"SacredBark":13,"Eternal Feather":4,"Mango":19,"TeardropLocket":4,"Medical Kit":23,"Centennial Puzzle":2,"Nunchaku":6,"Mummified Hand":17,"VioletLotus":7,"Bag of Marbles":5,"PureWater":0,"Toy Ornithopter":18},{"Calipers":83,"SacredBark":40,"Eternal Feather":10,"Mango":62,"TeardropLocket":10,"Medical Kit":80,"Centennial Puzzle":4,"Nunchaku":14,"Mummified Hand":54,"VioletLotus":20,"Bag of Marbles":12,"PureWater":0,"Toy Ornithopter":58}],"Toy Ornithopter":5},"card_choices":[{"not_picked":["Halt","LikeWater"],"picked":"EmptyMind","floor":1},{"not_picked":["WreathOfFlame","JustLucky"],"picked":"FollowUp","floor":2},{"not_picked":["MentalFortress","ClearTheMind","WreathOfFlame"],"picked":"SKIP","floor":7},{"not_picked":["PathToVictory","EmptyFist"],"picked":"CrushJoints","floor":8},{"not_picked":["SandsOfTime","FollowUp"],"picked":"Vault","floor":10},{"not_picked":["CrushJoints","JustLucky","FlurryOfBlows"],"picked":"SKIP","floor":14},{"not_picked":["TalkToTheHand","ThirdEye","MentalFortress"],"picked":"SKIP","floor":18},{"not_picked":["Halt","WindmillStrike","ThirdEye"],"picked":"SKIP","floor":21},{"not_picked":["SpiritShield","JustLucky+1","Study"],"picked":"SKIP","floor":24},{"not_picked":["SpiritShield","JustLucky+1","Study"],"picked":"SKIP","floor":24},{"not_picked":["CrushJoints","PathToVictory","FlurryOfBlows+1"],"picked":"SKIP","floor":30},{"not_picked":["CrushJoints","PathToVictory","FlurryOfBlows+1"],"picked":"SKIP","floor":30},{"not_picked":["CrushJoints","PathToVictory","FlurryOfBlows+1"],"picked":"SKIP","floor":30},{"not_picked":["Nirvana+1","SashWhip","ForeignInfluence"],"picked":"SKIP","floor":31},{"not_picked":["EmptyBody","ThirdEye+1"],"picked":"Vengeance","floor":35},{"not_picked":["LikeWater","WreathOfFlame","EmptyBody+1"],"picked":"SKIP","floor":36},{"not_picked":["Sadistic Nature","Deep Breath"],"picked":"Secret Technique","floor":37},{"not_picked":["Panacea","Madness"],"picked":"Thinking Ahead","floor":37},{"not_picked":["SashWhip+1","JustLucky","PathToVictory"],"picked":"SKIP","floor":39},{"not_picked":["LikeWater","Wireheading","SandsOfTime"],"picked":"SKIP","floor":40},{"not_picked":["WaveOfTheHand","CrushJoints+1","SashWhip"],"picked":"SKIP","floor":42},{"not_picked":["Meditate","DevaForm","Vengeance+1"],"picked":"SKIP","floor":44},{"not_picked":["Consecrate","SignatureMove","WaveOfTheHand"],"picked":"SKIP","floor":47},{"not_picked":["Swivel","EmptyFist","Indignation"],"picked":"SKIP","floor":48},{"not_picked":["Swivel","Worship","Evaluate"],"picked":"SKIP","floor":55}],"player_experience":12978736,"relics_obtained":[{"floor":8,"key":"TeardropLocket"},{"floor":9,"key":"Eternal Feather"},{"floor":14,"key":"Nunchaku"},{"floor":40,"key":"Mummified Hand"},{"floor":43,"key":"Toy Ornithopter"},{"floor":44,"key":"Mango"},{"floor":55,"key":"Calipers"}],"event_choices":[{"damage_healed":0,"gold_gain":150,"player_choice":"AGREE","damage_taken":0,"max_hp_gain":0,"max_hp_loss":0,"event_name":"Liars Game","floor":3,"gold_loss":0,"cards_obtained":["Doubt"]},{"damage_healed":0,"gold_gain":0,"player_choice":"Entered Light","damage_taken":20,"max_hp_gain":0,"max_hp_loss":0,"event_name":"Shining Light","floor":5,"gold_loss":0,"cards_upgraded":["Strike_P","Adaptation"]},{"cards_removed":["EmptyMind"],"damage_healed":0,"gold_gain":0,"player_choice":"Gave Card","damage_taken":0,"relics_obtained":["Bag of Marbles"],"max_hp_gain":0,"max_hp_loss":0,"event_name":"WeMeetAgain","floor":12,"gold_loss":0},{"damage_healed":0,"gold_gain":0,"player_choice":"Ignored","damage_taken":0,"max_hp_gain":0,"max_hp_loss":0,"event_name":"The Mausoleum","floor":28,"gold_loss":0},{"cards_removed":["Strike_P"],"damage_healed":0,"gold_gain":0,"player_choice":"Purged","damage_taken":0,"max_hp_gain":0,"max_hp_loss":0,"event_name":"Purifier","floor":29,"gold_loss":0},{"damage_healed":0,"gold_gain":0,"player_choice":"Memory 3","damage_taken":10,"max_hp_gain":0,"max_hp_loss":0,"event_name":"SensoryStone","floor":37,"gold_loss":0},{"cards_removed":["Strike_P"],"damage_healed":0,"gold_gain":0,"player_choice":"Removed Attack","damage_taken":0,"max_hp_gain":0,"max_hp_loss":0,"event_name":"Falling","floor":45,"gold_loss":0}],"is_beta":false,"boss_relics":[{"not_picked":["Cursed Key","HolyWater"],"picked":"VioletLotus"},{"not_picked":["Philosopher\u0027s Stone","Runic Dome"],"picked":"SacredBark"}],"items_purged_floors":[4,19,38,41],"is_endless":false,"potions_floor_spawned":[7,8,16,21,30,33,39,40,42,47],"ascension_level":20,"potion_discard_per_floor":[[],[],[],[],[],[],[],[],[],[],[],[],[],[],[],[],[],[],[],[],["FearPotion"],[],[],[],[],[],[],[],[],["FearPotion"],[],[],["Explosive Potion"],[],[],[],[],[],[],[],[],["Fire Potion"],[],[],[],[],[],[],[],[],[],[],[],[],[],[],[]]}