{"gold_per_floor":[114,164,164,181,4,4,14,26,103,123,155,155,184,197,197,197],"floor_reached":16,"playtime":1271,"items_purged":["Defend_P"],"score":224,"play_id":"a854b37c-535e-4929-82ee-9568900fa895","local_time":"20220710075217","is_ascension_mode":true,"campfire_choices":[{"data":"Eruption","floor":6,"key":"SMITH"},{"data":"Flash of Steel","floor":15,"key":"SMITH"}],"neow_cost":"NONE","seed_source_timestamp":947949642204100,"shop_contents":[{"floor":5,"relics":["Omamori","Whetstone","OrangePellets"],"cards":["SashWhip","WindmillStrike","Prostrate","InnerPeace","MasterReality","Transmutation"],"potions":["DistilledChaos","Weak Potion","SpeedPotion"]}],"circlet_count":0,"master_deck":["AscendersBane","Strike_P","Strike_P","Strike_P+1","Strike_P","Defend_P","Defend_P","Defend_P","Eruption+1","Vigilance","CurseOfTheBell","FollowUp+1","Flash of Steel+1","EmptyFist","CarveReality","Decay","EmptyBody","DeceiveReality"],"potion_use_per_floor":[[],[],[],[],[],[],[],[],[],["Explosive Potion"],["FearPotion"],[],[],[],[],["Weak Potion"]],"relics":["Calling Bell","Bronze Scales","Letter Opener","Unceasing Top","Meat on the Bone","Pear","Yang"],"potions_floor_usage":[10,11,16],"damage_taken":[{"damage":4,"enemies":"Cultist","floor":1,"turns":4},{"damage":10,"enemies":"Small Slimes","floor":4,"turns":3},{"damage":0,"enemies":"2 Louse","floor":7,"turns":2},{"damage":7,"enemies":"Looter","floor":8,"turns":3},{"damage":4,"enemies":"Exordium Wildlife","floor":10,"turns":2},{"damage":4,"enemies":"Gremlin Nob","floor":11,"turns":3},{"damage":29,"enemies":"Lagavulin","floor":13,"turns":6},{"damage":4,"enemies":"Lots of Slimes","floor":14,"turns":2},{"damage":35,"enemies":"Hexaghost","floor":16,"turns":9}],"seed_played":"-2923094776396787928","neow_bonus_log":{"cardsObtained":[],"cardsUpgraded":[],"cardsRemoved":[],"cardsTransformed":[],"relicsObtained":["Calling Bell"],"maxHpGained":0,"goldGained":0,"damageTaken":0,"goldLost":0,"maxHpLost":0},"potions_obtained":[{"floor":1,"key":"FearPotion"},{"floor":8,"key":"Explosive Potion"},{"floor":13,"key":"Weak Potion"}],"is_trial":false,"path_per_floor":["M","?","?","M","$","R","M","M","T","M","E","?","E","M","R","B"],"character_chosen":"WATCHER","items_purchased":["Flash of Steel"],"campfire_rested":0,"item_purchase_floors":[5],"current_hp_per_floor":[57,51,31,21,21,21,21,14,14,22,40,40,23,31,31,0],"gold":197,"neow_bonus":"BOSS_RELIC","is_prod":false,"is_daily":false,"rewards_skipped":[],"chose_seed":false,"campfire_upgraded":2,"win_rate":0,"floor_exit_playtime":[203,212,418,471,549,555,613,646,650,729,889,904,1027,1117,1127],"timestamp":1657453937,"path_taken":["M","?","?","M","$","R","M","M","T","?","E","?","E","M","R","BOSS"],"build_version":"2022-03-07","purchased_purges":1,"victory":false,"max_hp_per_floor":[68,68,68,68,68,68,68,68,68,68,78,78,78,78,78,78],"relic_stats":{"counters":[9,34],"Bronze Scales":[81],"Yang":[25],"Letter Opener":[24],"obtain_stats":[{"Calling Bell":0,"Pear":11,"Bronze Scales":0,"Yang":13,"Letter Opener":0,"PureWater":0,"Unceasing Top":0,"Meat on the Bone":9},{"Calling Bell":0,"Pear":6,"Bronze Scales":0,"Yang":7,"Letter Opener":0,"PureWater":0,"Unceasing Top":0,"Meat on the Bone":4},{"Calling Bell":0,"Pear":17,"Bronze Scales":0,"Yang":23,"Letter Opener":0,"PureWater":0,"Unceasing Top":0,"Meat on the Bone":12}],"Unceasing Top":[1],"Meat on the Bone":48},"card_choices":[{"not_picked":["SignatureMove","ClearTheMind"],"picked":"FollowUp","floor":1},{"not_picked":["BowlingBash","FlyingSleeves","SashWhip"],"picked":"SKIP","floor":4},{"not_picked":["Fasting2","WheelKick"],"picked":"EmptyFist","floor":7},{"not_picked":["PathToVictory","Vengeance","ClearTheMind"],"picked":"SKIP","floor":8},{"not_picked":["Weave","ThirdEye","Devotion"],"picked":"SKIP","floor":10},{"not_picked":["SandsOfTime","Conclude"],"picked":"CarveReality","floor":11},{"not_picked":["Perseverance","SignatureMove"],"picked":"EmptyBody","floor":13},{"not_picked":["Vengeance","BattleHymn"],"picked":"DeceiveReality","floor":14}],"player_experience":13006120,"relics_obtained":[{"floor":0,"key":"Bronze Scales"},{"floor":0,"key":"Letter Opener"},{"floor":0,"key":"Unceasing Top"},{"floor":9,"key":"Meat on the Bone"},{"floor":11,"key":"Pear"},{"floor":13,"key":"Yang"}],"event_choices":[{"damage_healed":0,"gold_gain":50,"player_choice":"Touch","damage_taken":6,"max_hp_gain":0,"max_hp_loss":0,"event_name":"FaceTrader","floor":2,"gold_loss":0},{"damage_healed":0,"gold_gain":0,"player_choice":"Entered Light","damage_taken":20,"max_hp_gain":0,"max_hp_loss":0,"event_name":"Shining Light","floor":3,"gold_loss":0,"cards_upgraded":["Strike_P","FollowUp"]},{"damage_healed":0,"gold_gain":0,"player_choice":"Cursed","damage_taken":0,"max_hp_gain":0,"max_hp_loss":0,"event_name":"Wheel of Change","floor":12,"gold_loss":0,"cards_obtained":["Decay"]}],"is_beta":false,"boss_relics":[],"items_purged_floors":[5],"is_endless":false,"potions_floor_spawned":[1,8,13],"killed_by":"Hexaghost","ascension_level":20,"potion_discard_per_floor":[[],[],[],[],[],[],[],[],[],[],[],[],[],[],[],[]]}