{"gold_per_floor":[116,191,206,206,220,220,246,264,264,291,301,333,333,347,347,425,425,445,445,39,55,65,65,95,16,62,62,62,95,115,126,126,200,200,211,229,254,254,264,264,296,296,347,373,373,385,1,80,80,80],"floor_reached":50,"playtime":5241,"items_purged":["Strike_P","Strike_P"],"score":1270,"play_id":"bac7690a-2d36-437b-9d2b-72e4efd0f8cf","local_time":"20220715153327","is_ascension_mode":true,"campfire_choices":[{"data":"Eruption","floor":6.0,"key":"SMITH"},{"data":"BowlingBash","floor":13.0,"key":"SMITH"},{"data":"EmptyFist","floor":15.0,"key":"SMITH"},{"data":"Adaptation","floor":23.0,"key":"SMITH"},{"floor":28.0,"key":"REST"},{"data":"Meditate","floor":32.0,"key":"SMITH"},{"data":"Tantrum","floor":40.0,"key":"SMITH"},{"data":"1","floor":42.0,"key":"LIFT"},{"data":"2","floor":45.0,"key":"LIFT"},{"floor":49.0,"key":"RECALL"}],"neow_cost":"NONE","seed_source_timestamp":1403492549803900,"shop_contents":[{"floor":20,"relics":["Vajra"],"cards":["SignatureMove+1","JustLucky+1","ThirdEye","Worship","LikeWater","Mind Blast+1","Sadistic Nature"],"potions":["SkillPotion","SkillPotion","Fire Potion"]},{"floor":25,"relics":["Lizard Tail","Oddly Smooth Stone","Medical Kit"],"cards":["FlurryOfBlows+1","EmptyMind","Sanctity","Wireheading","Bandage Up","Transmutation"],"potions":["Block Potion","FearPotion","Strength Potion"]},{"floor":47,"relics":["Happy Flower","White Beast Statue"],"cards":["PathToVictory","Evaluate","Study","Impatience","Secret Technique"],"potions":["DistilledChaos","GamblersBrew","FearPotion"]}],"circlet_count":0,"master_deck":["AscendersBane","Strike_P+1","Eruption+1","Vigilance","EmptyFist+1","BowlingBash+1","ReachHeaven+1","Tantrum+1","Collect+1","Vault+1","Wireheading+1","Adaptation+1","Meditate+1","TalkToTheHand+1","ThirdEye","Tantrum+1","WaveOfTheHand+1","TalkToTheHand+1","CrushJoints+1","Wallop+1"],"special_seed":0,"potion_use_per_floor":[[],[],[],[],[],[],[],["EssenceOfSteel"],[],[],[],[],[],[],[],[],[],[],[],[],[],[],[],[],[],[],[],[],[],[],[],[],[],[],[],[],[],[],[],[],[],[],[],[],[],[],[],[],[],["SteroidPotion"]],"relics":["PureWater","Damaru","Centennial Puzzle","Matryoshka","Molten Egg 2","Astrolabe","Orrery","PreservedInsect","Whetstone","Bag of Preparation","Nunchaku","Bottled Tornado","Girya","Coffee Dripper","Torii","Boot","Regal Pillow","TungstenRod","DollysMirror","Darkstone Periapt"],"potions_floor_usage":[50],"damage_taken":[{"damage":0.0,"enemies":"Jaw Worm","floor":1.0,"turns":2.0},{"damage":0.0,"enemies":"Cultist","floor":3.0,"turns":4.0},{"damage":0.0,"enemies":"Small Slimes","floor":5.0,"turns":2.0},{"damage":7.0,"enemies":"Lagavulin","floor":7.0,"turns":5.0},{"damage":1.0,"enemies":"Looter","floor":8.0,"turns":3.0},{"damage":16.0,"enemies":"Gremlin Nob","floor":10.0,"turns":3.0},{"damage":0.0,"enemies":"Large Slime","floor":11.0,"turns":2.0},{"damage":2.0,"enemies":"3 Sentries","floor":12.0,"turns":3.0},{"damage":2.0,"enemies":"3 Louse","floor":14.0,"turns":2.0},{"damage":0.0,"enemies":"Slime Boss","floor":16.0,"turns":5.0},{"damage":4.0,"enemies":"3 Byrds","floor":18.0,"turns":3.0},{"damage":21.0,"enemies":"Shell Parasite","floor":21.0,"turns":3.0},{"damage":4.0,"enemies":"3 Cultists","floor":22.0,"turns":3.0},{"damage":10.0,"enemies":"Gremlin Leader","floor":24.0,"turns":3.0},{"damage":7.0,"enemies":"Slavers","floor":29.0,"turns":2.0},{"damage":4.0,"enemies":"Snake Plant","floor":30.0,"turns":4.0},{"damage":0.0,"enemies":"Centurion and Healer","floor":31.0,"turns":3.0},{"damage":16.0,"enemies":"Automaton","floor":33.0,"turns":4.0},{"damage":8.0,"enemies":"Orb Walker","floor":35.0,"turns":2.0},{"damage":15.0,"enemies":"3 Darklings","floor":36.0,"turns":2.0},{"damage":0.0,"enemies":"Mind Bloom Boss Battle","floor":37.0,"turns":2.0},{"damage":20.0,"enemies":"Sphere and 2 Shapes","floor":39.0,"turns":3.0},{"damage":1.0,"enemies":"Reptomancer","floor":41.0,"turns":3.0},{"damage":0.0,"enemies":"Nemesis","floor":44.0,"turns":3.0},{"damage":0.0,"enemies":"Spire Growth","floor":46.0,"turns":3.0},{"damage":23,"enemies":"Donu and Deca","floor":50,"turns":1}],"seed_played":"5354275802101254760","neow_bonus_log":{"cardsObtained":[],"cardsUpgraded":[],"cardsRemoved":["Defend_P"],"cardsTransformed":[],"relicsObtained":[],"maxHpGained":0,"goldGained":0,"damageTaken":0,"goldLost":0,"maxHpLost":0},"potions_obtained":[{"floor":5.0,"key":"EssenceOfSteel"},{"floor":7.0,"key":"PowerPotion"},{"floor":11.0,"key":"BottledMiracle"},{"floor":16.0,"key":"StancePotion"},{"floor":22.0,"key":"SteroidPotion"}],"is_trial":false,"path_per_floor":["M","?","M","?","M","R","E","M","T","E","M","E","R","M","R","B",null,"M","?","$","M","M","R","E","$","T","T","R","E","M","M","R","B",null,"M","M","?","?","M","R","E","R","T","E","R","M","$","T","R","B"],"character_chosen":"WATCHER","items_purchased":["Orrery","PreservedInsect","TalkToTheHand+1","DollysMirror","CrushJoints+1","Wallop+1"],"campfire_rested":1,"item_purchase_floors":[20,20,25,47,47,47],"current_hp_per_floor":[61,50,50,50,50,50,43,42,42,26,26,24,24,22,22,22,57,53,53,53,32,28,28,18,18,18,18,38,31,27,27,27,11,54,46,31,31,31,11,11,10,10,10,10,10,10,10,10,10,0],"gold":80,"neow_bonus":"REMOVE_CARD","is_prod":false,"is_daily":false,"rewards_skipped":[{"floor":21,"relics":[],"potions":["BlessingOfTheForge"]},{"floor":24,"relics":[],"potions":["SpeedPotion"]},{"floor":29,"relics":[],"potions":["SkillPotion"]},{"floor":35,"relics":[],"potions":["BottledMiracle"]},{"floor":37,"relics":[],"potions":["Energy Potion"]},{"floor":39,"relics":[],"potions":["Fire Potion"]},{"floor":44,"relics":[],"potions":["LiquidBronze"]}],"chose_seed":false,"campfire_upgraded":6,"win_rate":0,"floor_exit_playtime":[786,794,879,900,991,1021,1113,1212,1215,1272,1308,1488,1502,1543,1550,1700,1912,2069,2094,2371,2495,2580,2587,2689,2722,2737,2837,2841,3040,3172,3972,3989,4106,4155,4216,4292,4346,4360,4518,4533,4673,4687,4690,4832,4839,4938,5194,5199,5204],"timestamp":1657913607,"blue_key_relic_skipped_log":{"floor":26,"relicID":"Orichalcum"},"path_taken":["M","?","M","?","M","R","E","M","T","E","?","E","R","M","R","BOSS","M","?","$","M","?","R","E","?","T","?","R","E","M","?","R","BOSS","M","M","?","?","M","R","E","R","T","E","R","M","$","?","R","BOSS"],"build_version":"2022-03-07","purchased_purges":2,"victory":false,"max_hp_per_floor":[68,68,68,68,68,68,68,68,68,68,68,68,68,68,68,68,68,68,68,68,68,68,68,68,68,68,68,68,68,68,68,68,68,68,68,68,68,68,68,68,68,68,68,68,68,68,68,68,68,68],"relic_stats":{"Darkstone Periapt":0,"Girya":2,"Regal Pillow":0,"Torii":2,"counters":[26,75],"Astrolabe":["Collect","Vault","Wireheading"],"PreservedInsect":197,"Bag of Preparation":[24],"Whetstone":["Strike_P","ReachHeaven"],"Bottled Tornado":"Wireheading","Boot":[44],"Centennial Puzzle":[42],"Nunchaku":[10],"Matryoshka":2,"PureWater":[21],"obtain_stats":[{"Darkstone Periapt":48,"Girya":29,"Regal Pillow":43,"Torii":37,"Astrolabe":17,"Damaru":7,"PreservedInsect":20,"Bag of Preparation":26,"Whetstone":24,"Bottled Tornado":27,"Boot":41,"Centennial Puzzle":9,"Nunchaku":27,"Matryoshka":10,"DollysMirror":47,"Orrery":20,"Molten Egg 2":12,"Coffee Dripper":34,"PureWater":0,"TungstenRod":44},{"Darkstone Periapt":25,"Girya":15,"Regal Pillow":23,"Torii":21,"Astrolabe":10,"Damaru":4,"PreservedInsect":11,"Bag of Preparation":14,"Whetstone":14,"Bottled Tornado":14,"Boot":23,"Centennial Puzzle":5,"Nunchaku":14,"Matryoshka":6,"DollysMirror":25,"Orrery":11,"Molten Egg 2":8,"Coffee Dripper":18,"PureWater":0,"TungstenRod":24},{"Darkstone Periapt":74,"Girya":45,"Regal Pillow":68,"Torii":62,"Astrolabe":31,"Damaru":13,"PreservedInsect":34,"Bag of Preparation":43,"Whetstone":43,"Bottled Tornado":43,"Boot":68,"Centennial Puzzle":16,"Nunchaku":43,"Matryoshka":19,"DollysMirror":74,"Orrery":34,"Molten Egg 2":24,"Coffee Dripper":56,"PureWater":0,"TungstenRod":71}],"TungstenRod":1},"card_choices":[{"not_picked":["Crescendo","FlurryOfBlows"],"picked":"EmptyFist","floor":1.0},{"not_picked":["ThirdEye","JustLucky"],"picked":"BowlingBash","floor":3.0},{"not_picked":["Evaluate","Fasting2"],"picked":"ReachHeaven","floor":5.0},{"not_picked":["ClearTheMind","Consecrate"],"picked":"Tantrum","floor":7.0},{"not_picked":["WaveOfTheHand","JustLucky","Halt"],"picked":"SKIP","floor":8.0},{"not_picked":["Ragnarok","ClearTheMind","CarveReality"],"picked":"SKIP","floor":10.0},{"not_picked":["PathToVictory","EmptyBody","WaveOfTheHand"],"picked":"SKIP","floor":11.0},{"not_picked":["Pray","FlyingSleeves+1","Judgement"],"picked":"SKIP","floor":12.0},{"not_picked":["Pray","FlyingSleeves+1","Judgement"],"picked":"SKIP","floor":12.0},{"not_picked":["ThirdEye","PathToVictory","SashWhip+1"],"picked":"SKIP","floor":14.0},{"not_picked":["Nirvana","ClearTheMind","FollowUp+1"],"picked":"SKIP","floor":18.0},{"not_picked":["Swivel","Prostrate","Fasting2","Worship","LikeWater","EmptyBody","CrushJoints+1","Indignation","Conclude+1","BattleHymn","Meditate","PathToVictory","CarveReality+1","FlurryOfBlows+1","SashWhip+1","Consecrate+1","Vengeance","FearNoEvil+1","FlyingSleeves+1"],"picked":"Adaptation","floor":19.0},{"not_picked":["WindmillStrike+1","Crescendo"],"picked":"Meditate","floor":20.0},{"not_picked":["Wallop+1","Consecrate+1","ThirdEye"],"picked":"SKIP","floor":20.0},{"not_picked":["Nirvana","ForeignInfluence+1","Halt"],"picked":"SKIP","floor":20.0},{"not_picked":["FlyingSleeves+1","FollowUp+1","DevaForm"],"picked":"SKIP","floor":20.0},{"not_picked":["FollowUp+1","FlyingSleeves+1","Swivel"],"picked":"SKIP","floor":20.0},{"not_picked":["SignatureMove+1","Evaluate","Protect"],"picked":"SKIP","floor":21.0},{"not_picked":["JustLucky+1","EmptyFist+1","ReachHeaven+1"],"picked":"SKIP","floor":22.0},{"not_picked":["JustLucky+1","EmptyFist+1","ReachHeaven+1"],"picked":"SKIP","floor":22.0},{"not_picked":["CrushJoints+1","Tantrum+1","Crescendo+1"],"picked":"SKIP","floor":24.0},{"not_picked":["CrushJoints+1","Tantrum+1","Crescendo+1"],"picked":"SKIP","floor":24.0},{"not_picked":["Wireheading","Consecrate+1","LessonLearned+1"],"picked":"SKIP","floor":29.0},{"not_picked":["Vengeance","SashWhip+1","Evaluate"],"picked":"SKIP","floor":30.0},{"not_picked":["FlyingSleeves+1","FlurryOfBlows+1","Evaluate"],"picked":"SKIP","floor":31.0},{"not_picked":["SashWhip+1","Prostrate","Consecrate+1"],"picked":"SKIP","floor":35.0},{"not_picked":["EmptyFist+1","ThirdEye+1","Prostrate+1"],"picked":"SKIP","floor":36.0},{"not_picked":["EmptyFist+1","ThirdEye+1","Prostrate+1"],"picked":"SKIP","floor":36.0},{"not_picked":["EmptyFist+1","JustLucky+1","Collect+1"],"picked":"SKIP","floor":39.0},{"not_picked":["WheelKick+1","Devotion"],"picked":"Tantrum+1","floor":41.0},{"not_picked":["Evaluate","ClearTheMind"],"picked":"WaveOfTheHand+1","floor":44.0},{"not_picked":["Weave+1","Nirvana+1","Study"],"picked":"SKIP","floor":46.0}],"player_experience":13080395,"relics_obtained":[{"floor":7.0,"key":"Damaru"},{"floor":9.0,"key":"Centennial Puzzle"},{"floor":10.0,"key":"Matryoshka"},{"floor":12.0,"key":"Molten Egg 2"},{"floor":24.0,"key":"Whetstone"},{"floor":26.0,"key":"Bag of Preparation"},{"floor":27.0,"key":"Nunchaku"},{"floor":27.0,"key":"Bottled Tornado"},{"floor":29.0,"key":"Girya"},{"floor":37.0,"key":"Torii"},{"floor":41.0,"key":"Boot"},{"floor":43.0,"key":"Regal Pillow"},{"floor":44.0,"key":"TungstenRod"},{"floor":48.0,"key":"Darkstone Periapt"}],"event_choices":[{"damage_healed":0.0,"max_hp_gain":0.0,"max_hp_loss":0.0,"gold_gain":75.0,"event_name":"World of Goop","player_choice":"Gather Gold","floor":2.0,"gold_loss":0.0,"damage_taken":11.0},{"damage_healed":0.0,"max_hp_gain":0.0,"max_hp_loss":0.0,"gold_gain":0.0,"event_name":"Match and Keep!","player_choice":"0 cards matched","floor":4.0,"gold_loss":0.0,"damage_taken":0.0,"cards_obtained":[]},{"damage_healed":0.0,"max_hp_gain":0.0,"max_hp_loss":0.0,"gold_gain":0.0,"event_name":"The Library","player_choice":"Read","floor":19.0,"gold_loss":0.0,"damage_taken":0.0,"cards_obtained":["Adaptation"]},{"damage_healed":0.0,"max_hp_gain":0.0,"max_hp_loss":0.0,"gold_gain":0.0,"event_name":"MindBloom","player_choice":"Fight","floor":37.0,"gold_loss":0.0,"damage_taken":0.0},{"damage_healed":0.0,"max_hp_gain":0.0,"max_hp_loss":0.0,"gold_gain":0.0,"cards_transformed":["Strike_P"],"event_name":"Transmorgrifier","player_choice":"Transformed","floor":38.0,"gold_loss":0.0,"damage_taken":0.0,"cards_obtained":["ThirdEye"]}],"is_beta":false,"boss_relics":[{"not_picked":["Philosopher\u0027s Stone","SlaversCollar"],"picked":"Astrolabe"},{"not_picked":["Fusion Hammer","Runic Dome"],"picked":"Coffee Dripper"}],"items_purged_floors":[20,47],"is_endless":false,"potions_floor_spawned":[5,7,11,16,21,22,24,29,35,37,39,44],"killed_by":"Donu and Deca","ascension_level":20,"potion_discard_per_floor":[[],[],[],[],[],[],[],[],[],[],[],[],[],[],[],["PowerPotion"],[],[],[],[],[],["BottledMiracle"],[],[],[],[],[],[],[],[],[],[],[],[],[],[],[],[],[],[],[],[],[],[],[],[],[],[],[],[]]}