{"gold_per_floor":[115,129,129,148,165,200,200,232,256,267,286,286,320,337,337,411,411,421,434,116,116,134,134,134,134,134,26,51,80,92,104,116,203,215,239,251,316,347,384,396,438,450,462,486,524,547,573,601,613,625,637,649,661,64,92,92],"floor_reached":57,"playtime":3890,"items_purged":["ConjureBlade+1","Defend_P"],"score":2983,"play_id":"0f018942-fd29-4052-8572-940cbc3501fe","local_time":"20220713141849","is_ascension_mode":true,"campfire_choices":[{"data":"Eruption","floor":7,"key":"SMITH"},{"data":"CrushJoints","floor":12,"key":"SMITH"},{"data":"FlurryOfBlows","floor":15,"key":"SMITH"},{"data":"Scrawl","floor":23,"key":"SMITH"},{"data":"RitualDagger","floor":25,"key":"SMITH"},{"data":"FlurryOfBlows","floor":32,"key":"SMITH"},{"data":"Tantrum","floor":40,"key":"SMITH"},{"data":"Scrawl","floor":42,"key":"SMITH"},{"floor":49,"key":"RECALL"},{"data":"Halt","floor":53,"key":"SMITH"}],"neow_cost":"NONE","seed_source_timestamp":1227715733664100,"shop_contents":[{"floor":20,"relics":["Question Card","Lizard Tail"],"cards":["CarveReality","Worship","Crescendo","BattleHymn","Blind","Secret Technique"],"potions":["Energy Potion","StancePotion","Ancient Potion"]},{"floor":27,"relics":["Bird Faced Urn","Incense Burner","Membership Card"],"cards":["SashWhip","CrushJoints","WaveOfTheHand","EmptyMind","Study","Impatience","Master of Strategy"],"potions":["LiquidBronze","Dexterity Potion"]},{"floor":54,"relics":["Lantern","Chemical X"],"cards":["SandsOfTime","SashWhip","Wish","MentalFortress","Blind","HandOfGreed"],"potions":["Regen Potion"]}],"circlet_count":0,"master_deck":["AscendersBane","Defend_P","Eruption+1","Vigilance","CrushJoints+1","EmptyFist","FlurryOfBlows+1","InnerPeace","WheelKick","FlurryOfBlows+1","Indignation","Scrawl+1","Devotion+1","Prostrate+1","Halt+1","Tantrum+1","RitualDagger+1","Scrawl+1","FlurryOfBlows+1","TalkToTheHand+1","EmptyMind","CutThroughFate+1"],"potion_use_per_floor":[[],[],[],[],[],[],[],["LiquidMemories"],[],[],[],[],["Dexterity Potion"],[],[],["SkillPotion"],[],[],[],[],[],["SkillPotion"],[],[],[],[],[],[],[],[],[],[],[],[],[],[],[],[],[],[],[],[],[],[],[],[],[],[],[],[],["CultistPotion","Ancient Potion"],[],[],[],[],["DuplicationPotion","Ambrosia"],[]],"relics":["Coffee Dripper","Vajra","Kunai","Centennial Puzzle","Pen Nib","Astrolabe","OrangePellets","Happy Flower","MawBank","Potion Belt","Empty Cage","Pocketwatch","Art of War","Gremlin Horn","Anchor","InkBottle"],"potions_floor_usage":[8,13,16,22,51,51,56,56],"damage_taken":[{"damage":2,"enemies":"Jaw Worm","floor":1,"turns":4},{"damage":3,"enemies":"Small Slimes","floor":2,"turns":4},{"damage":0,"enemies":"Cultist","floor":4,"turns":2},{"damage":1,"enemies":"Looter","floor":5,"turns":3},{"damage":17,"enemies":"Gremlin Nob","floor":6,"turns":3},{"damage":0,"enemies":"Lagavulin","floor":8,"turns":2},{"damage":2,"enemies":"Large Slime","floor":10,"turns":4},{"damage":0,"enemies":"Gremlin Gang","floor":11,"turns":3},{"damage":16,"enemies":"3 Sentries","floor":13,"turns":4},{"damage":0,"enemies":"2 Fungi Beasts","floor":14,"turns":2},{"damage":3,"enemies":"Hexaghost","floor":16,"turns":5},{"damage":0,"enemies":"Spheric Guardian","floor":18,"turns":1},{"damage":0,"enemies":"3 Byrds","floor":19,"turns":3},{"damage":9,"enemies":"Centurion and Healer","floor":22,"turns":2},{"damage":19,"enemies":"Book of Stabbing","floor":28,"turns":2},{"damage":0,"enemies":"Snake Plant","floor":29,"turns":1},{"damage":1,"enemies":"Champ","floor":33,"turns":5},{"damage":3,"enemies":"3 Shapes","floor":35,"turns":4},{"damage":0,"enemies":"Orb Walker","floor":38,"turns":1},{"damage":0,"enemies":"Mind Bloom Boss Battle","floor":39,"turns":4},{"damage":0,"enemies":"Reptomancer","floor":41,"turns":3},{"damage":0,"enemies":"4 Shapes","floor":44,"turns":1},{"damage":4,"enemies":"Nemesis","floor":45,"turns":3},{"damage":1,"enemies":"Writhing Mass","floor":46,"turns":2},{"damage":0,"enemies":"Maw","floor":47,"turns":4},{"damage":0,"enemies":"3 Darklings","floor":48,"turns":3},{"damage":13,"enemies":"Donu and Deca","floor":50,"turns":4},{"damage":0,"enemies":"Time Eater","floor":51,"turns":3},{"damage":0,"enemies":"Shield and Spear","floor":55,"turns":1},{"damage":18,"enemies":"The Heart","floor":56,"turns":5}],"seed_played":"-8244987234621210628","neow_bonus_log":{"cardsObtained":[],"cardsUpgraded":[],"cardsRemoved":[],"cardsTransformed":[],"relicsObtained":["Coffee Dripper"],"maxHpGained":0,"goldGained":0,"damageTaken":0,"goldLost":0,"maxHpLost":0},"potions_obtained":[{"floor":6,"key":"LiquidMemories"},{"floor":8,"key":"Dexterity Potion"},{"floor":10,"key":"Ancient Potion"},{"floor":13,"key":"Explosive Potion"},{"floor":14,"key":"SkillPotion"},{"floor":16,"key":"SpeedPotion"},{"floor":18,"key":"SkillPotion"},{"floor":33,"key":"DuplicationPotion"},{"floor":38,"key":"CultistPotion"},{"floor":39,"key":"Ancient Potion"}],"is_trial":false,"path_per_floor":["M","M","?","M","M","E","R","E","T","M","M","R","E","M","R","B",null,"M","M","$","?","M","R","?","R","T","$","E","M","?","T","R","B",null,"M","?","T","M","?","R","E","R","T","M","E","M","M","M","R","B","B",null,"R","$","E","B",null],"character_chosen":"WATCHER","items_purchased":["Tantrum","OrangePellets","Ambrosia","InkBottle","EmptyMind","DuplicationPotion","StancePotion"],"campfire_rested":0,"item_purchase_floors":[20,20,27,54,54,54,54],"current_hp_per_floor":[59,56,61,61,60,43,43,43,43,41,41,41,25,25,25,22,60,60,60,60,39,30,30,24,24,24,24,5,5,5,5,5,4,60,57,57,57,57,57,57,57,57,57,57,53,52,52,52,52,39,39,68,68,68,68,50],"gold":92,"neow_bonus":"BOSS_RELIC","is_prod":false,"is_daily":false,"rewards_skipped":[{"floor":29,"relics":[],"potions":["LiquidBronze"]},{"floor":44,"relics":[],"potions":["CultistPotion"]},{"floor":45,"relics":[],"potions":["SmokeBomb"]},{"floor":48,"relics":[],"potions":["SteroidPotion"]},{"floor":55,"relics":["Bottled Tornado"],"potions":["Dexterity Potion"]}],"chose_seed":false,"campfire_upgraded":9,"win_rate":0,"floor_exit_playtime":[182,234,243,281,318,390,436,611,615,682,857,865,976,1012,1044,1189,1374,1454,1564,1648,1653,1760,1770,1780,1793,1797,1806,1895,1931,1945,1949,1962,2158,2222,2322,2325,2331,2398,2503,2516,2653,2661,2665,2816,2896,2985,3062,3134,3138,3282,3426,3438,3453,3518,3629,3890],"timestamp":1657736329,"blue_key_relic_skipped_log":{"floor":37,"relicID":"Oddly Smooth Stone"},"path_taken":["M","?","?","M","M","E","R","E","T","M","M","R","E","M","R","BOSS","M","M","$","?","?","R","?","R","T","$","E","M","?","?","R","BOSS","M","?","?","?","?","R","E","R","T","M","E","?","M","M","R","BOSS","BOSS","R","$","E","BOSS"],"build_version":"2022-03-07","purchased_purges":2,"victory":true,"max_hp_per_floor":[68,68,73,73,73,73,73,73,73,73,73,73,73,73,73,73,73,73,73,73,78,78,78,78,78,78,78,78,78,78,78,78,78,78,78,78,78,78,78,78,78,78,78,78,78,78,78,78,78,78,78,78,78,78,78,78],"relic_stats":{"Happy Flower":[15],"Gremlin Horn":[8,8],"counters":[30,88],"Astrolabe":["Devotion","Prostrate","ConjureBlade"],"Pen Nib":[30],"MawBank":312,"OrangePellets":[5],"Centennial Puzzle":[33],"Art of War":[2],"Kunai":[88],"obtain_stats":[{"Potion Belt":31,"Happy Flower":26,"Gremlin Horn":43,"Astrolabe":17,"Vajra":6,"Pen Nib":13,"MawBank":28,"Empty Cage":34,"OrangePellets":20,"Centennial Puzzle":9,"Anchor":45,"Coffee Dripper":0,"Art of War":41,"Kunai":8,"PureWater":0,"InkBottle":54,"Pocketwatch":39},{"Potion Belt":16,"Happy Flower":14,"Gremlin Horn":21,"Astrolabe":11,"Vajra":5,"Pen Nib":9,"MawBank":15,"Empty Cage":17,"OrangePellets":13,"Centennial Puzzle":6,"Anchor":23,"Coffee Dripper":0,"Art of War":21,"Kunai":6,"PureWater":0,"InkBottle":28,"Pocketwatch":20},{"Potion Belt":45,"Happy Flower":42,"Gremlin Horn":62,"Astrolabe":36,"Vajra":16,"Pen Nib":29,"MawBank":44,"Empty Cage":50,"OrangePellets":40,"Centennial Puzzle":18,"Anchor":66,"Coffee Dripper":0,"Art of War":62,"Kunai":18,"PureWater":0,"InkBottle":82,"Pocketwatch":59}],"InkBottle":[6],"Pocketwatch":[13]},"card_choices":[{"not_picked":["Sanctity","FlyingSleeves"],"picked":"CrushJoints","floor":1},{"not_picked":["LikeWater","EmptyMind"],"picked":"EmptyFist","floor":2},{"not_picked":["Vengeance","Sanctity"],"picked":"FlurryOfBlows","floor":4},{"not_picked":["Protect","FlyingSleeves","Weave"],"picked":"SKIP","floor":5},{"not_picked":["BowlingBash","EmptyBody"],"picked":"InnerPeace","floor":6},{"not_picked":["EmptyFist","Protect","Crescendo"],"picked":"SKIP","floor":8},{"not_picked":["ClearTheMind","WreathOfFlame","Worship"],"picked":"SKIP","floor":10},{"not_picked":["FollowUp","Consecrate"],"picked":"WheelKick","floor":11},{"not_picked":["Worship","CrushJoints"],"picked":"FlurryOfBlows","floor":13},{"not_picked":["Wish","Prostrate"],"picked":"Indignation","floor":14},{"not_picked":["LessonLearned","SpiritShield"],"picked":"Scrawl","floor":16},{"not_picked":["FlurryOfBlows","FollowUp"],"picked":"Halt","floor":18},{"not_picked":["Halt","WaveOfTheHand","CarveReality"],"picked":"SKIP","floor":19},{"not_picked":["Protect+1","Wallop","Consecrate"],"picked":"SKIP","floor":22},{"not_picked":["Crescendo","WaveOfTheHand","WreathOfFlame+1"],"picked":"SKIP","floor":28},{"not_picked":["FlyingSleeves","EmptyBody","Indignation+1"],"picked":"SKIP","floor":29},{"not_picked":["Omniscience","Blasphemy"],"picked":"Scrawl","floor":33},{"not_picked":["Weave+1","Conclude","CrushJoints+1"],"picked":"SKIP","floor":35},{"not_picked":["ForeignInfluence","EmptyBody"],"picked":"FlurryOfBlows+1","floor":38},{"not_picked":["EmptyBody+1","BowlingBash"],"picked":"TalkToTheHand+1","floor":39},{"not_picked":["EmptyFist+1","Evaluate","LikeWater+1"],"picked":"SKIP","floor":41},{"not_picked":["Swivel","Collect","ReachHeaven+1"],"picked":"SKIP","floor":44},{"not_picked":["Swivel","Collect","ReachHeaven+1"],"picked":"SKIP","floor":44},{"not_picked":["BattleHymn","WaveOfTheHand","Alpha"],"picked":"SKIP","floor":45},{"not_picked":["SashWhip+1","Study","LikeWater"],"picked":"SKIP","floor":46},{"not_picked":["EmptyFist","PathToVictory","WindmillStrike"],"picked":"SKIP","floor":47},{"not_picked":["Evaluate+1","FlurryOfBlows","FlyingSleeves"],"picked":"SKIP","floor":48},{"not_picked":["ThirdEye","Wireheading+1"],"picked":"CutThroughFate+1","floor":55}],"player_experience":13053066,"relics_obtained":[{"floor":6,"key":"Vajra"},{"floor":8,"key":"Kunai"},{"floor":9,"key":"Centennial Puzzle"},{"floor":13,"key":"Pen Nib"},{"floor":26,"key":"Happy Flower"},{"floor":28,"key":"MawBank"},{"floor":31,"key":"Potion Belt"},{"floor":39,"key":"Pocketwatch"},{"floor":41,"key":"Art of War"},{"floor":43,"key":"Gremlin Horn"},{"floor":45,"key":"Anchor"}],"event_choices":[{"damage_healed":0,"gold_gain":0,"player_choice":"Donut","damage_taken":0,"max_hp_gain":5,"max_hp_loss":0,"event_name":"Big Fish","floor":3,"gold_loss":0},{"damage_healed":0,"gold_gain":0,"player_choice":"Shed Blood","damage_taken":26,"max_hp_gain":5,"max_hp_loss":0,"event_name":"Forgotten Altar","floor":21,"gold_loss":0},{"damage_healed":0,"gold_gain":0,"player_choice":"Joined the Cult","damage_taken":6,"max_hp_gain":0,"max_hp_loss":0,"event_name":"Nest","floor":24,"gold_loss":0,"cards_obtained":["RitualDagger"]},{"cards_removed":["Strike_P"],"damage_healed":0,"gold_gain":0,"player_choice":"Elegance","damage_taken":0,"max_hp_gain":0,"max_hp_loss":0,"event_name":"Back to Basics","floor":30,"gold_loss":0},{"damage_healed":0,"gold_gain":0,"player_choice":"Ignored","damage_taken":0,"max_hp_gain":0,"max_hp_loss":0,"event_name":"Tomb of Lord Red Mask","floor":36,"gold_loss":0},{"damage_healed":0,"gold_gain":0,"player_choice":"Fight","damage_taken":0,"max_hp_gain":0,"max_hp_loss":0,"event_name":"MindBloom","floor":39,"gold_loss":0}],"is_beta":false,"boss_relics":[{"not_picked":["Sozu","Runic Dome"],"picked":"Astrolabe"},{"not_picked":["Tiny House","SacredBark"],"picked":"Empty Cage"}],"items_purged_floors":[20,54],"is_endless":false,"potions_floor_spawned":[6,8,10,13,14,16,18,29,33,38,39,44,45,48,55],"ascension_level":20,"potion_discard_per_floor":[[],[],[],[],[],[],[],[],[],[],[],[],[],["Ancient Potion"],[],[],[],["SpeedPotion"],[],[],[],[],[],[],[],[],[],[],[],[],[],[],[],[],[],[],[],[],["Explosive Potion"],[],[],[],[],[],[],[],[],[],[],[],[],[],[],[],[],["StancePotion","DuplicationPotion"],[]]}