{"gold_per_floor":[12,24,24,42,58,97,97,132,132,57,77,77,100,143,143,239,239,262,162,162,183,22,62,62,106,106,106,140,165,185,310,310,403,403,426,450,450,468,306,347,347,383,383,242,242,73,406,406,406,406,406,406,406,50,75,75],"floor_reached":57,"playtime":5242,"items_purged":["Defend_P","Strike_P","Judgement+1","SpiritShield","Swivel"],"score":3222,"play_id":"54dd6213-5de8-40b5-94fe-a02c8506318c","local_time":"20220106182404","is_ascension_mode":true,"campfire_choices":[{"data":"SandsOfTime","floor":7,"key":"SMITH"},{"data":"Eruption","floor":12,"key":"SMITH"},{"data":"ThirdEye","floor":15,"key":"SMITH"},{"data":"Vault","floor":24,"key":"SMITH"},{"data":"MentalFortress","floor":32,"key":"SMITH"},{"data":"Omniscience","floor":41,"key":"SMITH"},{"floor":49,"key":"RECALL"},{"data":"Prostrate","floor":53,"key":"SMITH"}],"neow_cost":"NO_GOLD","seed_source_timestamp":1311850219109300,"circlet_count":0,"master_deck":["AscendersBane","Eruption+1","Vigilance","SandsOfTime+1","Prostrate+1","InnerPeace","TalkToTheHand+1","ThirdEye+1","WheelKick+1","Vault+1","Study+1","Indignation+1","MentalFortress+1","CutThroughFate","Tantrum","Necronomicurse","Sanctity+1","Omniscience+1","Wallop+1","Worship+1","Master of Strategy","InnerPeace","CutThroughFate","Vault+1","Adaptation","Purity","Vault","Wireheading+1","Vault"],"relics":["PureWater","Strawberry","Ornamental Fan","Sundial","Meat on the Bone","Astrolabe","Membership Card","Vajra","Whetstone","Bottled Lightning","Necronomicon","Boot","TungstenRod","Darkstone Periapt","Runic Dome","Shuriken","Oddly Smooth Stone","DollysMirror","Nunchaku","Orrery","Pocketwatch"],"potions_floor_usage":[6,21,25,40,56],"damage_taken":[{"damage":2,"enemies":"Jaw Worm","floor":1,"turns":3},{"damage":9,"enemies":"Small Slimes","floor":2,"turns":2},{"damage":0,"enemies":"2 Louse","floor":4,"turns":2},{"damage":0,"enemies":"2 Fungi Beasts","floor":5,"turns":3},{"damage":1,"enemies":"Gremlin Nob","floor":6,"turns":3},{"damage":3,"enemies":"Lagavulin","floor":8,"turns":5},{"damage":18,"enemies":"Looter","floor":11,"turns":3},{"damage":7,"enemies":"Lots of Slimes","floor":13,"turns":5},{"damage":0,"enemies":"Gremlin Nob","floor":14,"turns":2},{"damage":0,"enemies":"Slime Boss","floor":16,"turns":4},{"damage":2,"enemies":"2 Thieves","floor":18,"turns":2},{"damage":9,"enemies":"Shell Parasite","floor":21,"turns":5},{"damage":13,"enemies":"Book of Stabbing","floor":23,"turns":5},{"damage":6,"enemies":"Slavers","floor":25,"turns":3},{"damage":0,"enemies":"Book of Stabbing","floor":28,"turns":3},{"damage":0,"enemies":"Chosen and Byrds","floor":29,"turns":3},{"damage":0,"enemies":"Snake Plant","floor":30,"turns":3},{"damage":0,"enemies":"Colosseum Slavers","floor":31,"turns":2},{"damage":0,"enemies":"Colosseum Nobs","floor":31,"turns":3},{"damage":13,"enemies":"Automaton","floor":33,"turns":6},{"damage":0,"enemies":"3 Shapes","floor":35,"turns":4},{"damage":0,"enemies":"Orb Walker","floor":36,"turns":1},{"damage":0,"enemies":"Maw","floor":38,"turns":5},{"damage":0,"enemies":"Reptomancer","floor":40,"turns":3},{"damage":7,"enemies":"Nemesis","floor":42,"turns":5},{"damage":16,"enemies":"Donu and Deca","floor":50,"turns":6},{"damage":0,"enemies":"Awakened One","floor":51,"turns":6},{"damage":0,"enemies":"Shield and Spear","floor":55,"turns":6},{"damage":9,"enemies":"The Heart","floor":56,"turns":10}],"seed_played":"-2498001945528420267","potions_obtained":[{"floor":1,"key":"ColorlessPotion"},{"floor":5,"key":"Ancient Potion"},{"floor":8,"key":"CultistPotion"},{"floor":11,"key":"LiquidMemories"},{"floor":18,"key":"Regen Potion"},{"floor":29,"key":"Fire Potion"},{"floor":30,"key":"Fire Potion"},{"floor":35,"key":"BottledMiracle"},{"floor":37,"key":"DuplicationPotion"}],"is_trial":false,"path_per_floor":["M","M","?","M","M","E","R","E","T","$","M","R","M","E","R","B",null,"M","$","?","M","$","E","R","E","T","?","E","M","M","?","R","B",null,"M","M","?","M","$","E","R","E","T","$","?","$","?","?","R","B","B",null,"R","$","E","B",null],"character_chosen":"WATCHER","items_purchased":["Membership Card","Master of Strategy","InnerPeace","CutThroughFate","DollysMirror","Adaptation","Purity","Nunchaku","Vault","Orrery","Swift Potion"],"campfire_rested":0,"item_purchase_floors":[22,39,44,44,46,46,46,54,54,54,54],"current_hp_per_floor":[59,50,50,50,50,56,56,53,53,53,35,35,28,28,28,40,62,60,60,60,65,65,52,52,46,46,25,37,37,37,37,37,36,61,61,61,61,61,61,61,61,54,54,54,54,54,54,54,54,38,38,59,59,59,59,50],"gold":75,"neow_bonus":"TRANSFORM_TWO_CARDS","is_prod":false,"is_daily":false,"chose_seed":false,"campfire_upgraded":7,"win_rate":0,"timestamp":1641511444,"path_taken":["M","M","?","M","M","E","R","E","T","$","M","R","M","E","R","BOSS","M","$","?","M","$","E","R","E","T","?","E","M","M","?","R","BOSS","M","M","?","?","$","E","R","E","T","$","?","?","?","?","R","BOSS","BOSS","R","$","E","BOSS"],"build_version":"2020-12-22","purchased_purges":5,"victory":true,"max_hp_per_floor":[68,68,62,62,62,69,69,69,69,69,69,69,69,69,69,69,69,69,69,69,69,69,69,69,69,69,69,69,69,69,69,69,69,69,69,69,69,69,69,69,69,69,69,69,69,69,69,66,66,66,66,66,66,66,66,66],"relic_stats":{"Darkstone Periapt":0,"counters":[29,113],"Astrolabe":["Study","Judgement","Indignation"],"Whetstone":["TalkToTheHand","WheelKick"],"Boot":[74],"Nunchaku":[3],"Ornamental Fan":[132],"Sundial":[26],"Shuriken":[20],"Necronomicon":[31],"Membership Card":821,"Bottled Lightning":"Vault","PureWater":[25],"obtain_stats":[{"Darkstone Periapt":31,"Golden Idol":3,"Astrolabe":17,"Vajra":23,"Oddly Smooth Stone":42,"Whetstone":25,"Boot":28,"Runic Dome":34,"Nunchaku":54,"Ornamental Fan":8,"Sundial":9,"Shuriken":40,"DollysMirror":46,"Strawberry":6,"Orrery":54,"Necronomicon":27,"Membership Card":22,"Bottled Lightning":26,"PureWater":0,"TungstenRod":31,"Meat on the Bone":14,"Pocketwatch":55},{"Darkstone Periapt":19,"Golden Idol":2,"Astrolabe":10,"Vajra":13,"Oddly Smooth Stone":25,"Whetstone":14,"Boot":15,"Runic Dome":20,"Nunchaku":27,"Ornamental Fan":6,"Sundial":6,"Shuriken":24,"DollysMirror":25,"Strawberry":5,"Orrery":27,"Necronomicon":14,"Membership Card":12,"Bottled Lightning":14,"PureWater":0,"TungstenRod":19,"Meat on the Bone":9,"Pocketwatch":28},{"Darkstone Periapt":61,"Golden Idol":5,"Astrolabe":32,"Vajra":44,"Oddly Smooth Stone":85,"Whetstone":47,"Boot":50,"Runic Dome":67,"Nunchaku":97,"Ornamental Fan":18,"Sundial":18,"Shuriken":80,"DollysMirror":85,"Strawberry":13,"Orrery":97,"Necronomicon":47,"Membership Card":39,"Bottled Lightning":47,"PureWater":0,"TungstenRod":61,"Meat on the Bone":28,"Pocketwatch":103}],"TungstenRod":18,"Meat on the Bone":36,"Pocketwatch":[3]},"card_choices":[{"not_picked":["Study","WindmillStrike"],"picked":"Prostrate","floor":1},{"not_picked":["JustLucky","Crescendo"],"picked":"InnerPeace","floor":2},{"not_picked":["PathToVictory","WaveOfTheHand"],"picked":"TalkToTheHand","floor":4},{"not_picked":["Study","EmptyFist"],"picked":"CrushJoints","floor":5},{"not_picked":["Study","Protect","Perseverance"],"picked":"SKIP","floor":6},{"not_picked":["ClearTheMind","Vengeance","Perseverance"],"picked":"SKIP","floor":8},{"not_picked":["BowlingBash","Crescendo"],"picked":"ThirdEye","floor":11},{"not_picked":["Evaluate","FollowUp"],"picked":"WheelKick","floor":13},{"not_picked":["SpiritShield","Conclude","Nirvana"],"picked":"SKIP","floor":14},{"not_picked":["Devotion","Wish"],"picked":"Vault","floor":16},{"not_picked":["ThirdEye","PathToVictory","Halt"],"picked":"SKIP","floor":18},{"not_picked":["Halt","Swivel","DeceiveReality"],"picked":"SKIP","floor":21},{"not_picked":["WaveOfTheHand","EmptyBody"],"picked":"CutThroughFate","floor":23},{"not_picked":["BowlingBash","TalkToTheHand"],"picked":"Tantrum","floor":25},{"not_picked":["Evaluate+1","Alpha","EmptyFist"],"picked":"SKIP","floor":28},{"not_picked":["EmptyFist","BowlingBash+1","Prostrate"],"picked":"SKIP","floor":29},{"not_picked":["BowlingBash","FlyingSleeves"],"picked":"Sanctity+1","floor":30},{"not_picked":["Brilliance","Establishment"],"picked":"Omniscience","floor":33},{"not_picked":["Consecrate","ClearTheMind"],"picked":"Wallop+1","floor":35},{"not_picked":["SashWhip+1","Protect","Perseverance"],"picked":"SKIP","floor":36},{"not_picked":["FlyingSleeves","Sanctity"],"picked":"Worship+1","floor":38},{"not_picked":["ThirdEye","Sanctity+1","SpiritShield"],"picked":"SKIP","floor":40},{"not_picked":["JustLucky","Nirvana+1","FlurryOfBlows"],"picked":"SKIP","floor":42},{"not_picked":["Halt","Evaluate"],"picked":"Wireheading+1","floor":54},{"not_picked":["Consecrate+1","SashWhip"],"picked":"Vault","floor":55}],"player_experience":5853616,"relics_obtained":[{"floor":6,"key":"Strawberry"},{"floor":8,"key":"Ornamental Fan"},{"floor":9,"key":"Sundial"},{"floor":14,"key":"Meat on the Bone"},{"floor":23,"key":"Vajra"},{"floor":25,"key":"Whetstone"},{"floor":26,"key":"Bottled Lightning"},{"floor":27,"key":"Necronomicon"},{"floor":28,"key":"Boot"},{"floor":31,"key":"TungstenRod"},{"floor":31,"key":"Darkstone Periapt"},{"floor":40,"key":"Shuriken"},{"floor":42,"key":"Oddly Smooth Stone"},{"floor":55,"key":"Pocketwatch"}],"event_choices":[{"damage_healed":0,"gold_gain":0,"player_choice":"Lose Max HP","damage_taken":0,"relics_obtained":["Golden Idol"],"max_hp_gain":0,"max_hp_loss":6,"event_name":"Golden Idol","floor":3,"gold_loss":0},{"damage_healed":0,"gold_gain":0,"cards_transformed":["Strike_P","CrushJoints"],"player_choice":"Became Test Subject","damage_taken":0,"max_hp_gain":0,"max_hp_loss":0,"event_name":"Drug Dealer","floor":20,"gold_loss":0,"cards_obtained":["MentalFortress","SpiritShield"]},{"damage_healed":0,"gold_gain":0,"player_choice":"Obtained Book","damage_taken":21,"max_hp_gain":0,"max_hp_loss":0,"event_name":"Cursed Tome","floor":27,"gold_loss":0},{"damage_healed":0,"gold_gain":0,"player_choice":"Fight","damage_taken":0,"max_hp_gain":0,"max_hp_loss":0,"event_name":"Colosseum","floor":31,"gold_loss":0},{"damage_healed":0,"gold_gain":0,"player_choice":"Fought Nobs","damage_taken":0,"max_hp_gain":0,"max_hp_loss":0,"event_name":"Colosseum","floor":31,"gold_loss":0},{"damage_healed":0,"gold_gain":0,"player_choice":"Got Potions","damage_taken":0,"max_hp_gain":0,"max_hp_loss":0,"event_name":"Lab","floor":37,"gold_loss":0},{"damage_healed":0,"gold_gain":0,"player_choice":"Ignored","damage_taken":0,"max_hp_gain":0,"max_hp_loss":0,"event_name":"Tomb of Lord Red Mask","floor":45,"gold_loss":0},{"damage_healed":0,"gold_gain":333,"player_choice":"Gave Idol","damage_taken":0,"max_hp_gain":0,"max_hp_loss":0,"event_name":"The Moai Head","floor":47,"relics_lost":["Golden Idol"],"gold_loss":0},{"damage_healed":0,"gold_gain":0,"player_choice":"Max HP","damage_taken":0,"max_hp_gain":0,"max_hp_loss":3,"event_name":"Winding Halls","floor":48,"gold_loss":0}],"is_beta":false,"boss_relics":[{"not_picked":["Fusion Hammer","Cursed Key"],"picked":"Astrolabe"},{"not_picked":["Sozu","Tiny House"],"picked":"Runic Dome"}],"items_purged_floors":[10,19,39,44,54],"is_endless":false,"potions_floor_spawned":[1,5,8,11,16,18,29,30,31,35,38],"ascension_level":20}