{"gold_per_floor":[216,234,249,30,17,17,47,60,60,60,77,108,126,201,201,275,275,294,313,313,125,143,143],"floor_reached":23,"playtime":2126,"items_purged":["Defend_P","Strike_P"],"score":610,"play_id":"ffea87eb-925b-4514-afa6-3c9db1f3ecb0","local_time":"20220107164929","is_ascension_mode":true,"campfire_choices":[{"data":"Eruption","floor":6,"key":"SMITH"},{"data":"SandsOfTime","floor":10,"key":"SMITH"},{"data":"Devotion","floor":15,"key":"SMITH"}],"neow_cost":"NONE","seed_source_timestamp":1395717649168200,"circlet_count":0,"master_deck":["AscendersBane","Strike_P","Strike_P","Strike_P+1","Defend_P+1","Defend_P+1","Defend_P+1","Eruption+1","Vigilance+1","FollowUp","SandsOfTime+1","ThirdEye","LessonLearned","Prostrate","CarveReality","Devotion+1","DeusExMachina+1","EmptyMind","CutThroughFate","ThirdEye"],"relics":["PureWater","Oddly Smooth Stone","The Courier","Sundial","SlaversCollar"],"potions_floor_usage":[5,7,12,12,19,22,23],"damage_taken":[{"damage":9,"enemies":"Jaw Worm","floor":1,"turns":4},{"damage":0,"enemies":"Small Slimes","floor":2,"turns":2},{"damage":6,"enemies":"2 Louse","floor":3,"turns":3},{"damage":11,"enemies":"Exordium Thugs","floor":5,"turns":4},{"damage":0,"enemies":"Lagavulin","floor":7,"turns":4},{"damage":0,"enemies":"Red Slaver","floor":8,"turns":2},{"damage":0,"enemies":"Large Slime","floor":11,"turns":2},{"damage":0,"enemies":"3 Sentries","floor":12,"turns":3},{"damage":0,"enemies":"Exordium Wildlife","floor":13,"turns":3},{"damage":0,"enemies":"Slime Boss","floor":16,"turns":7},{"damage":11,"enemies":"Chosen","floor":18,"turns":3},{"damage":6,"enemies":"2 Thieves","floor":19,"turns":5},{"damage":4,"enemies":"Shelled Parasite and Fungi","floor":22,"turns":3},{"damage":20,"enemies":"Slavers","floor":23,"turns":2}],"seed_played":"-5524541287953373927","potions_obtained":[{"floor":3,"key":"SteroidPotion"},{"floor":7,"key":"ColorlessPotion"},{"floor":8,"key":"Energy Potion"},{"floor":12,"key":"LiquidBronze"},{"floor":18,"key":"GamblersBrew"}],"is_trial":false,"path_per_floor":["M","M","M","$","M","R","E","M","T","R","M","E","M","?","R","B",null,"M","M","?","$","M","E"],"character_chosen":"WATCHER","items_purchased":["LessonLearned","BlessingOfTheForge","Ambrosia","ThirdEye"],"campfire_rested":0,"item_purchase_floors":[4,4,21,21],"current_hp_per_floor":[52,52,46,46,35,35,35,35,35,35,35,35,35,24,24,24,57,46,40,21,21,17,0],"gold":143,"neow_bonus":"HUNDRED_GOLD","is_prod":false,"is_daily":false,"chose_seed":false,"campfire_upgraded":3,"win_rate":0,"timestamp":1641592169,"path_taken":["M","M","M","$","M","R","E","M","T","R","M","E","M","?","R","BOSS","M","M","?","$","M","E"],"build_version":"2020-12-22","purchased_purges":2,"victory":false,"max_hp_per_floor":[68,68,68,68,68,68,68,68,68,68,68,68,68,68,68,68,68,68,68,73,73,73,73],"relic_stats":{"counters":[14,47],"Sundial":[2],"The Courier":47,"PureWater":[10],"obtain_stats":[{"SlaversCollar":17,"Sundial":12,"Oddly Smooth Stone":7,"The Courier":9,"PureWater":0},{"SlaversCollar":10,"Sundial":8,"Oddly Smooth Stone":5,"The Courier":6,"PureWater":0},{"SlaversCollar":34,"Sundial":24,"Oddly Smooth Stone":17,"The Courier":19,"PureWater":0}]},"card_choices":[{"not_picked":["Crescendo","ClearTheMind"],"picked":"FollowUp","floor":1},{"not_picked":["SashWhip","Consecrate"],"picked":"SandsOfTime","floor":2},{"not_picked":["EmptyBody","Wallop"],"picked":"ThirdEye","floor":3},{"not_picked":["FollowUp","Brilliance"],"picked":"Prostrate","floor":5},{"not_picked":["SashWhip","ClearTheMind"],"picked":"CarveReality","floor":7},{"not_picked":["FollowUp","ClearTheMind","SashWhip"],"picked":"SKIP","floor":8},{"not_picked":["EmptyBody","Consecrate","SashWhip"],"picked":"SKIP","floor":11},{"not_picked":["EmptyBody","Indignation","ThirdEye"],"picked":"SKIP","floor":12},{"not_picked":["EmptyBody","Indignation","ThirdEye"],"picked":"SKIP","floor":12},{"not_picked":["MentalFortress","Evaluate"],"picked":"Devotion","floor":13},{"not_picked":["ConjureBlade","Devotion"],"picked":"DeusExMachina","floor":16},{"not_picked":["FollowUp","WaveOfTheHand"],"picked":"EmptyMind","floor":18},{"not_picked":["EmptyBody+1","WreathOfFlame"],"picked":"CutThroughFate","floor":19},{"not_picked":["Nirvana","Protect","CarveReality"],"picked":"SKIP","floor":22}],"player_experience":5874904,"relics_obtained":[{"floor":7,"key":"Oddly Smooth Stone"},{"floor":9,"key":"The Courier"},{"floor":12,"key":"Sundial"}],"event_choices":[{"damage_healed":0,"gold_gain":75,"player_choice":"Gather Gold","damage_taken":11,"max_hp_gain":0,"max_hp_loss":0,"event_name":"World of Goop","floor":14,"gold_loss":0},{"damage_healed":0,"gold_gain":0,"player_choice":"Shed Blood","damage_taken":24,"max_hp_gain":5,"max_hp_loss":0,"event_name":"Forgotten Altar","floor":20,"gold_loss":0}],"is_beta":false,"boss_relics":[{"not_picked":["Philosopher\u0027s Stone","Coffee Dripper"],"picked":"SlaversCollar"}],"items_purged_floors":[4,21],"is_endless":false,"potions_floor_spawned":[3,7,8,12,18],"killed_by":"Slavers","ascension_level":20}