{"gold_per_floor":[119,119,133,147,14,14,46,62,116,116,116,127,127,156,156,233,233,250,27,39,58,58,58,87,87,163,78,178,189,64,98,98,174,174,193,1192,522,522,574,574,584,584,584,619,631,631,666,666,666,666,666,666,666,116,141,141],"floor_reached":57,"playtime":5778,"items_purged":["Defend_P","Strike_P","Strike_P","Normality","Strike_P+1"],"score":3433,"play_id":"a1be7eb7-d490-4355-83ac-05f0567ce3f9","local_time":"20220108135253","is_ascension_mode":true,"campfire_choices":[{"data":"SashWhip","floor":6,"key":"SMITH"},{"data":"Eruption","floor":10,"key":"SMITH"},{"data":"ForeignInfluence","floor":13,"key":"SMITH"},{"data":"LikeWater","floor":15,"key":"SMITH"},{"data":"Vault","floor":23,"key":"SMITH"},{"data":"Adaptation","floor":25,"key":"SMITH"},{"data":"Defend_P","floor":32,"key":"PURGE"},{"data":"Normality","floor":40,"key":"PURGE"},{"data":"Strike_P","floor":42,"key":"PURGE"},{"floor":46,"key":"RECALL"},{"data":"ThirdEye","floor":49,"key":"SMITH"},{"data":"Vigilance","floor":53,"key":"SMITH"}],"neow_cost":"NONE","seed_source_timestamp":3712820363000,"circlet_count":0,"master_deck":["AscendersBane","Eruption+1","Vigilance+1","Protect","Meditate+1","SashWhip+1","LikeWater+1","ForeignInfluence+1","Scrawl","Scrawl+1","Vault+1","SandsOfTime+1","Adaptation+1","Indignation","Wallop+1","Omniscience+1","Adaptation","Master of Strategy","CutThroughFate","ThirdEye+1","WheelKick"],"relics":["Sozu","Matryoshka","Bag of Preparation","PreservedInsect","Juzu Bracelet","Black Star","Lantern","Strawberry","HornCleat","Ancient Tea Set","Peace Pipe","Eternal Feather","GoldenEye","Mercury Hourglass","Cursed Key","FossilizedHelix","Ginger","Ice Cream","Oddly Smooth Stone","Pen Nib","Bottled Tornado","OrangePellets","War Paint","Sundial","TeardropLocket"],"potions_floor_usage":[],"damage_taken":[{"damage":0,"enemies":"2 Louse","floor":1,"turns":4},{"damage":0,"enemies":"Small Slimes","floor":3,"turns":2},{"damage":7,"enemies":"Jaw Worm","floor":4,"turns":4},{"damage":12,"enemies":"Gremlin Nob","floor":7,"turns":3},{"damage":4,"enemies":"Lots of Slimes","floor":8,"turns":5},{"damage":0,"enemies":"Large Slime","floor":12,"turns":4},{"damage":0,"enemies":"3 Sentries","floor":14,"turns":6},{"damage":0,"enemies":"Slime Boss","floor":16,"turns":6},{"damage":4,"enemies":"2 Thieves","floor":18,"turns":3},{"damage":0,"enemies":"Chosen","floor":20,"turns":2},{"damage":0,"enemies":"Snecko","floor":21,"turns":2},{"damage":0,"enemies":"Gremlin Leader","floor":24,"turns":3},{"damage":2,"enemies":"Colosseum Slavers","floor":28,"turns":2},{"damage":0,"enemies":"Colosseum Nobs","floor":28,"turns":2},{"damage":0,"enemies":"3 Cultists","floor":29,"turns":4},{"damage":0,"enemies":"Book of Stabbing","floor":31,"turns":2},{"damage":0,"enemies":"Automaton","floor":33,"turns":5},{"damage":0,"enemies":"3 Darklings","floor":35,"turns":2},{"damage":65,"enemies":"2 Orb Walkers","floor":39,"turns":6},{"damage":0,"enemies":"3 Shapes","floor":41,"turns":2},{"damage":0,"enemies":"Reptomancer","floor":44,"turns":1},{"damage":0,"enemies":"3 Darklings","floor":45,"turns":2},{"damage":0,"enemies":"Giant Head","floor":47,"turns":3},{"damage":0,"enemies":"Donu and Deca","floor":50,"turns":6},{"damage":0,"enemies":"Time Eater","floor":51,"turns":4},{"damage":0,"enemies":"Shield and Spear","floor":55,"turns":3},{"damage":24,"enemies":"The Heart","floor":56,"turns":7}],"seed_played":"-3238085897233180282","potions_obtained":[],"is_trial":false,"path_per_floor":["M","?","M","M","$","R","E","M","T","R","?","M","R","E","R","B",null,"M","$","M","M","?","R","E","R","T","?","?","M","$","E","R","B",null,"M","?","$","?","?","R","M","R","T","E","M","R","E","?","R","B","B",null,"R","$","E","B",null],"character_chosen":"WATCHER","items_purchased":["SashWhip","Adaptation","Indignation","FossilizedHelix","Master of Strategy","OrangePellets","War Paint","WheelKick"],"campfire_rested":0,"item_purchase_floors":[5,19,19,37,37,54,54,54],"current_hp_per_floor":[61,54,54,47,47,47,35,31,31,31,11,11,11,11,11,11,54,50,50,50,50,50,50,57,57,57,57,55,55,55,55,64,64,72,72,72,72,72,7,19,19,31,31,31,31,43,43,43,55,55,55,70,75,75,75,51],"gold":141,"neow_bonus":"BOSS_RELIC","is_prod":false,"is_daily":false,"chose_seed":false,"campfire_upgraded":8,"win_rate":0,"timestamp":1641667973,"path_taken":["M","?","M","M","$","R","E","M","T","R","?","?","R","E","R","BOSS","M","?","M","M","?","R","E","R","T","?","?","M","$","E","R","BOSS","M","?","$","?","?","R","M","R","T","E","M","R","E","?","R","BOSS","BOSS","R","$","E","BOSS"],"build_version":"2020-12-22","purchased_purges":5,"victory":true,"max_hp_per_floor":[68,68,68,68,68,68,68,68,68,68,68,68,68,68,68,68,68,68,68,68,68,68,68,75,75,75,75,75,75,75,75,75,75,75,75,75,75,75,75,75,75,75,75,75,75,75,75,75,75,75,75,75,75,75,75,75],"relic_stats":{"Ice Cream":[11],"counters":[27,95],"Eternal Feather":62,"PreservedInsect":424,"Pen Nib":[6],"Bag of Preparation":[44],"Juzu Bracelet":1,"Ginger":[2],"Bottled Tornado":"Adaptation","War Paint":["Scrawl","Omniscience"],"Ancient Tea Set":[12],"GoldenEye":[26],"Cursed Key":0,"Mercury Hourglass":[156],"Sozu":9,"Peace Pipe":3,"OrangePellets":[2],"Matryoshka":2,"Sundial":[4],"Black Star":5,"obtain_stats":[{"Ice Cream":44,"Lantern":24,"Bag of Preparation":9,"Juzu Bracelet":14,"Ginger":39,"TeardropLocket":55,"Bottled Tornado":47,"Ancient Tea Set":27,"Cursed Key":34,"Sozu":0,"Matryoshka":7,"HornCleat":26,"Sundial":55,"Strawberry":24,"Oddly Smooth Stone":44,"Eternal Feather":28,"PreservedInsect":9,"Pen Nib":47,"War Paint":54,"GoldenEye":31,"Mercury Hourglass":31,"Peace Pipe":28,"OrangePellets":54,"Black Star":17,"PureWater":0,"FossilizedHelix":37},{"Ice Cream":21,"Lantern":12,"Bag of Preparation":5,"Juzu Bracelet":7,"Ginger":19,"TeardropLocket":26,"Bottled Tornado":23,"Ancient Tea Set":12,"Cursed Key":17,"Sozu":0,"Matryoshka":4,"HornCleat":12,"Sundial":26,"Strawberry":12,"Oddly Smooth Stone":21,"Eternal Feather":14,"PreservedInsect":5,"Pen Nib":23,"War Paint":25,"GoldenEye":16,"Mercury Hourglass":16,"Peace Pipe":14,"OrangePellets":25,"Black Star":8,"PureWater":0,"FossilizedHelix":18},{"Ice Cream":70,"Lantern":44,"Bag of Preparation":18,"Juzu Bracelet":28,"Ginger":67,"TeardropLocket":88,"Bottled Tornado":75,"Ancient Tea Set":44,"Cursed Key":59,"Sozu":0,"Matryoshka":13,"HornCleat":44,"Sundial":88,"Strawberry":44,"Oddly Smooth Stone":70,"Eternal Feather":48,"PreservedInsect":18,"Pen Nib":75,"War Paint":85,"GoldenEye":54,"Mercury Hourglass":54,"Peace Pipe":48,"OrangePellets":85,"Black Star":34,"PureWater":0,"FossilizedHelix":61}],"FossilizedHelix":[18]},"card_choices":[{"not_picked":["Prostrate","WreathOfFlame"],"picked":"Protect","floor":1},{"not_picked":["Study","FlyingSleeves"],"picked":"Meditate","floor":3},{"not_picked":["Prostrate","Halt","WreathOfFlame"],"picked":"SKIP","floor":4},{"not_picked":["Conclude","BowlingBash"],"picked":"LikeWater","floor":7},{"not_picked":["EmptyBody","Crescendo"],"picked":"ForeignInfluence","floor":8},{"not_picked":["PathToVictory","EmptyFist"],"picked":"Scrawl","floor":12},{"not_picked":["ClearTheMind","Indignation"],"picked":"Scrawl","floor":14},{"not_picked":["Brilliance","DevaForm"],"picked":"Vault","floor":16},{"not_picked":["WreathOfFlame","SashWhip+1"],"picked":"SandsOfTime+1","floor":18},{"not_picked":["Evaluate","ThirdEye"],"picked":"Wallop+1","floor":20},{"not_picked":["EmptyFist","Weave","PathToVictory"],"picked":"SKIP","floor":21},{"not_picked":["FlurryOfBlows","WaveOfTheHand+1"],"picked":"MentalFortress","floor":24},{"not_picked":["LikeWater","Vengeance","Crescendo"],"picked":"SKIP","floor":29},{"not_picked":["Halt","LikeWater","Judgement"],"picked":"SKIP","floor":31},{"not_picked":["Scrawl","MasterReality"],"picked":"Omniscience","floor":33},{"not_picked":["WheelKick","EmptyFist"],"picked":"Adaptation","floor":35},{"not_picked":["JustLucky","WindmillStrike"],"picked":"CutThroughFate","floor":41},{"not_picked":["WindmillStrike","Perseverance","BattleHymn"],"picked":"SKIP","floor":44},{"not_picked":["Evaluate","Consecrate"],"picked":"ThirdEye","floor":45},{"not_picked":["JustLucky","FlyingSleeves","Adaptation+1"],"picked":"SKIP","floor":47},{"not_picked":["Vengeance","Weave","ReachHeaven"],"picked":"SKIP","floor":55}],"player_experience":5879768,"relics_obtained":[{"floor":7,"key":"Matryoshka"},{"floor":9,"key":"Bag of Preparation"},{"floor":9,"key":"PreservedInsect"},{"floor":14,"key":"Juzu Bracelet"},{"floor":24,"key":"Lantern"},{"floor":24,"key":"Strawberry"},{"floor":26,"key":"HornCleat"},{"floor":28,"key":"Peace Pipe"},{"floor":28,"key":"Eternal Feather"},{"floor":31,"key":"GoldenEye"},{"floor":31,"key":"Mercury Hourglass"},{"floor":39,"key":"Ginger"},{"floor":44,"key":"Ice Cream"},{"floor":44,"key":"Oddly Smooth Stone"},{"floor":47,"key":"Pen Nib"},{"floor":47,"key":"Bottled Tornado"},{"floor":55,"key":"Sundial"},{"floor":55,"key":"TeardropLocket"}],"event_choices":[{"cards_removed":["Defend_P"],"damage_healed":0,"gold_gain":0,"player_choice":"Card Removal","damage_taken":7,"max_hp_gain":0,"max_hp_loss":0,"event_name":"Golden Wing","floor":2,"gold_loss":0},{"damage_healed":0,"gold_gain":0,"player_choice":"Entered Light","damage_taken":20,"max_hp_gain":0,"max_hp_loss":0,"event_name":"Shining Light","floor":11,"gold_loss":0,"cards_upgraded":["Strike_P","Meditate"]},{"cards_removed":["Defend_P"],"damage_healed":0,"gold_gain":0,"player_choice":"Elegance","damage_taken":0,"max_hp_gain":0,"max_hp_loss":0,"event_name":"Back to Basics","floor":22,"gold_loss":0},{"damage_healed":0,"gold_gain":0,"player_choice":"Obtained Relic","damage_taken":0,"relics_obtained":["Ancient Tea Set"],"max_hp_gain":0,"max_hp_loss":0,"event_name":"Addict","floor":27,"gold_loss":85},{"damage_healed":0,"gold_gain":0,"player_choice":"Fight","damage_taken":0,"max_hp_gain":0,"max_hp_loss":0,"event_name":"Colosseum","floor":28,"gold_loss":0},{"damage_healed":0,"gold_gain":0,"player_choice":"Fought Nobs","damage_taken":0,"max_hp_gain":0,"max_hp_loss":0,"event_name":"Colosseum","floor":28,"gold_loss":0},{"damage_healed":0,"gold_gain":999,"player_choice":"Gold","damage_taken":0,"max_hp_gain":0,"max_hp_loss":0,"event_name":"MindBloom","floor":36,"gold_loss":0,"cards_obtained":["Normality","Normality"]},{"damage_healed":0,"gold_gain":0,"player_choice":"Ignored","damage_taken":0,"max_hp_gain":0,"max_hp_loss":0,"event_name":"Tomb of Lord Red Mask","floor":38,"gold_loss":0},{"damage_healed":0,"gold_gain":0,"player_choice":"Fight","damage_taken":0,"max_hp_gain":0,"max_hp_loss":0,"event_name":"Mysterious Sphere","floor":39,"gold_loss":0},{"cards_removed":["MentalFortress"],"damage_healed":0,"gold_gain":0,"player_choice":"Removed Power","damage_taken":0,"max_hp_gain":0,"max_hp_loss":0,"event_name":"Falling","floor":48,"gold_loss":0}],"is_beta":false,"boss_relics":[{"not_picked":["Runic Dome","Snecko Eye"],"picked":"Black Star"},{"not_picked":["Velvet Choker","Calling Bell"],"picked":"Cursed Key"}],"items_purged_floors":[5,19,30,37,54],"is_endless":false,"potions_floor_spawned":[7,12,16,28,28,29,33,41,44,47],"ascension_level":20}