{"gold_per_floor":[214,230,246,5,17,17,92,124,124,156,156,175,175,202,202,281,281,298,298,323,170,183,183,216,216,289,317,317,329,361,276,276,347,347,366,383,605,605,625,625,660,670,670,670,372,383,416,416,416,416,416,416,416,28,54,54],"floor_reached":57,"playtime":4194,"items_purged":["Defend_P","Defend_P","Vengeance+1","CutThroughFate+1"],"score":3572,"play_id":"2379da81-905f-4134-aec1-baaa465e3ddf","local_time":"20220101180556","is_ascension_mode":true,"campfire_choices":[{"data":"WheelKick","floor":6,"key":"SMITH"},{"data":"Eruption","floor":11,"key":"SMITH"},{"data":"Defend_P","floor":13,"key":"PURGE"},{"data":"Defend_P","floor":15,"key":"PURGE"},{"data":"Strike_P","floor":23,"key":"PURGE"},{"data":"Strike_P","floor":25,"key":"PURGE"},{"data":"Strike_P+1","floor":28,"key":"PURGE"},{"data":"Strike_P+1","floor":32,"key":"PURGE"},{"floor":40,"key":"RECALL"},{"data":"Consecrate+1","floor":44,"key":"PURGE"},{"data":"Establishment+1","floor":49,"key":"PURGE"},{"data":"LessonLearned+1","floor":53,"key":"PURGE"}],"neow_cost":"NONE","seed_source_timestamp":879829549924600,"circlet_count":0,"master_deck":["AscendersBane","Eruption+1","Vigilance+1","WheelKick+1","Meditate+1","FearNoEvil+1","RitualDagger+1","CutThroughFate+1","InnerPeace+1","PanicButton+1","MentalFortress+1","EmptyMind+1","RitualDagger+1","Adaptation","EmptyMind+1"],"relics":["PureWater","Bag of Marbles","Peace Pipe","Singing Bowl","Molten Egg 2","Orichalcum","Runic Dome","Red Mask","MealTicket","Shuriken","Du-Vu Doll","Strawberry","TeardropLocket","VioletLotus","Juzu Bracelet","DollysMirror","Thread and Needle","Medical Kit","Nunchaku"],"potions_floor_usage":[10,20,24,30,56,56],"damage_taken":[{"damage":5,"enemies":"Small Slimes","floor":1,"turns":4},{"damage":4,"enemies":"2 Louse","floor":2,"turns":2},{"damage":2,"enemies":"Jaw Worm","floor":3,"turns":3},{"damage":0,"enemies":"3 Louse","floor":5,"turns":2},{"damage":0,"enemies":"Gremlin Nob","floor":8,"turns":2},{"damage":0,"enemies":"Lagavulin","floor":10,"turns":4},{"damage":0,"enemies":"Large Slime","floor":12,"turns":2},{"damage":0,"enemies":"Gremlin Nob","floor":14,"turns":2},{"damage":0,"enemies":"Slime Boss","floor":16,"turns":5},{"damage":5,"enemies":"Spheric Guardian","floor":18,"turns":3},{"damage":6,"enemies":"Masked Bandits","floor":20,"turns":3},{"damage":0,"enemies":"Chosen","floor":22,"turns":2},{"damage":2,"enemies":"Slavers","floor":24,"turns":3},{"damage":12,"enemies":"Book of Stabbing","floor":27,"turns":2},{"damage":0,"enemies":"Snecko","floor":29,"turns":2},{"damage":0,"enemies":"Slavers","floor":30,"turns":2},{"damage":0,"enemies":"Collector","floor":33,"turns":2},{"damage":7,"enemies":"3 Shapes","floor":35,"turns":2},{"damage":0,"enemies":"Orb Walker","floor":36,"turns":2},{"damage":0,"enemies":"Sphere and 2 Shapes","floor":39,"turns":2},{"damage":6,"enemies":"Giant Head","floor":41,"turns":2},{"damage":3,"enemies":"4 Shapes","floor":42,"turns":3},{"damage":0,"enemies":"Jaw Worm Horde","floor":46,"turns":2},{"damage":0,"enemies":"Reptomancer","floor":47,"turns":1},{"damage":8,"enemies":"Time Eater","floor":50,"turns":3},{"damage":0,"enemies":"Awakened One","floor":51,"turns":4},{"damage":0,"enemies":"Shield and Spear","floor":55,"turns":1},{"damage":14,"enemies":"The Heart","floor":56,"turns":4}],"seed_played":"106982861782040301","potions_obtained":[{"floor":5,"key":"Energy Potion"},{"floor":8,"key":"DuplicationPotion"},{"floor":10,"key":"BlessingOfTheForge"},{"floor":22,"key":"Explosive Potion"},{"floor":29,"key":"Dexterity Potion"},{"floor":30,"key":"SpeedPotion"},{"floor":47,"key":"DuplicationPotion"}],"is_trial":false,"path_per_floor":["M","M","M","$","M","R","?","E","T","E","R","M","R","E","R","B",null,"M","?","?","$","M","R","E","R","T","E","R","M","E","?","R","B",null,"M","M","?","?","M","R","E","M","T","R","$","M","E","?","R","B","B",null,"R","$","E","B",null],"character_chosen":"WATCHER","items_purchased":["Bag of Marbles","CutThroughFate+1","DollysMirror","Adaptation","Medical Kit"],"campfire_rested":0,"item_purchase_floors":[4,21,45,54,54],"current_hp_per_floor":[56,52,50,50,50,50,39,39,39,41,41,43,43,45,45,45,67,64,58,54,54,56,56,56,56,56,44,44,46,55,55,55,55,84,79,79,79,73,73,73,69,66,66,66,81,83,85,85,85,77,77,94,94,100,100,86],"gold":54,"neow_bonus":"HUNDRED_GOLD","is_prod":false,"is_daily":false,"chose_seed":false,"campfire_upgraded":2,"win_rate":0,"timestamp":1641078356,"path_taken":["M","M","M","$","M","R","?","E","T","E","R","M","R","E","R","BOSS","M","?","?","$","M","R","E","R","T","E","R","M","E","?","R","BOSS","M","M","?","?","M","R","E","M","T","R","$","M","E","?","R","BOSS","BOSS","R","$","E","BOSS"],"build_version":"2020-12-22","purchased_purges":4,"victory":true,"max_hp_per_floor":[68,68,68,68,68,68,68,68,68,70,70,72,72,74,74,74,74,76,76,78,78,80,80,82,82,82,82,82,84,93,93,93,93,93,95,95,95,99,99,99,101,101,101,101,101,103,105,100,100,100,100,100,100,100,100,100],"relic_stats":{"Peace Pipe":9,"Nunchaku":[3],"Singing Bowl":30,"counters":[28,71],"Shuriken":[40],"MealTicket":21,"VioletLotus":[59],"Juzu Bracelet":0,"PureWater":[19],"Orichalcum":[90],"Medical Kit":[4],"obtain_stats":[{"Singing Bowl":9,"Thread and Needle":47,"Juzu Bracelet":41,"TeardropLocket":31,"Orichalcum":14,"Medical Kit":54,"Peace Pipe":8,"Du-Vu Doll":27,"Runic Dome":17,"Nunchaku":55,"Shuriken":26,"DollysMirror":45,"Strawberry":30,"Molten Egg 2":10,"MealTicket":24,"VioletLotus":34,"Bag of Marbles":4,"Red Mask":20,"PureWater":0},{"Singing Bowl":5,"Thread and Needle":24,"Juzu Bracelet":21,"TeardropLocket":16,"Orichalcum":8,"Medical Kit":26,"Peace Pipe":5,"Du-Vu Doll":14,"Runic Dome":9,"Nunchaku":27,"Shuriken":13,"DollysMirror":22,"Strawberry":16,"Molten Egg 2":6,"MealTicket":13,"VioletLotus":17,"Bag of Marbles":3,"Red Mask":11,"PureWater":0},{"Singing Bowl":13,"Thread and Needle":59,"Juzu Bracelet":53,"TeardropLocket":43,"Orichalcum":21,"Medical Kit":66,"Peace Pipe":13,"Du-Vu Doll":39,"Runic Dome":26,"Nunchaku":67,"Shuriken":37,"DollysMirror":56,"Strawberry":43,"Molten Egg 2":17,"MealTicket":37,"VioletLotus":45,"Bag of Marbles":9,"Red Mask":32,"PureWater":0}]},"card_choices":[{"not_picked":["SashWhip","Consecrate"],"picked":"WheelKick","floor":1},{"not_picked":["Prostrate","EmptyBody"],"picked":"Consecrate","floor":2},{"not_picked":["Evaluate","SashWhip"],"picked":"Vengeance","floor":3},{"not_picked":["EmptyBody","ClearTheMind"],"picked":"Meditate","floor":5},{"not_picked":["CrushJoints","EmptyFist"],"picked":"FearNoEvil","floor":8},{"not_picked":["Alpha","SashWhip+1","Evaluate"],"picked":"Singing Bowl","floor":10},{"not_picked":["FlurryOfBlows+1","EmptyBody","Prostrate"],"picked":"Singing Bowl","floor":12},{"not_picked":["JustLucky+1","SashWhip+1","Vengeance"],"picked":"Singing Bowl","floor":14},{"not_picked":["Alpha","Blasphemy"],"picked":"LessonLearned+1","floor":16},{"not_picked":["EmptyBody","Vengeance","CrushJoints+1"],"picked":"Singing Bowl","floor":18},{"not_picked":["EmptyFist+1","Fasting2","Evaluate"],"picked":"Singing Bowl","floor":20},{"not_picked":["SashWhip+1","Collect","EmptyBody"],"picked":"Singing Bowl","floor":22},{"not_picked":["ClearTheMind","ForeignInfluence","Crescendo"],"picked":"Singing Bowl","floor":24},{"not_picked":["PathToVictory","Wallop+1"],"picked":"InnerPeace","floor":27},{"not_picked":["Consecrate+1","DevaForm","WreathOfFlame"],"picked":"Singing Bowl","floor":29},{"not_picked":["ReachHeaven+1","Sanctity","DeusExMachina"],"picked":"Singing Bowl","floor":30},{"not_picked":["Judgement","LessonLearned+1"],"picked":"Establishment","floor":33},{"not_picked":["EmptyBody","ClearTheMind","BowlingBash+1"],"picked":"Singing Bowl","floor":35},{"not_picked":["EmptyFist+1","FlyingSleeves+1"],"picked":"CutThroughFate+1","floor":36},{"not_picked":["Blind","Deep Breath","Dark Shackles"],"picked":"Singing Bowl","floor":38},{"not_picked":["Jack Of All Trades","Deep Breath","Impatience"],"picked":"Singing Bowl","floor":38},{"not_picked":["Purity","Jack Of All Trades"],"picked":"PanicButton","floor":38},{"not_picked":["EmptyBody","CutThroughFate+1"],"picked":"MentalFortress","floor":39},{"not_picked":["Evaluate","CrushJoints+1","ConjureBlade"],"picked":"Singing Bowl","floor":41},{"not_picked":["CutThroughFate+1","Indignation"],"picked":"EmptyMind+1","floor":42},{"not_picked":["TalkToTheHand+1","SashWhip+1","SignatureMove+1"],"picked":"Singing Bowl","floor":46},{"not_picked":["JustLucky+1","WheelKick+1","FlyingSleeves+1"],"picked":"Singing Bowl","floor":47},{"not_picked":["SashWhip+1","FlyingSleeves+1"],"picked":"EmptyMind+1","floor":55}],"player_experience":5802452,"relics_obtained":[{"floor":8,"key":"Peace Pipe"},{"floor":9,"key":"Singing Bowl"},{"floor":10,"key":"Molten Egg 2"},{"floor":14,"key":"Orichalcum"},{"floor":20,"key":"Red Mask"},{"floor":24,"key":"MealTicket"},{"floor":26,"key":"Shuriken"},{"floor":27,"key":"Du-Vu Doll"},{"floor":30,"key":"Strawberry"},{"floor":41,"key":"Juzu Bracelet"},{"floor":47,"key":"Thread and Needle"},{"floor":55,"key":"Nunchaku"}],"event_choices":[{"damage_healed":0,"gold_gain":75,"player_choice":"Gather Gold","damage_taken":11,"max_hp_gain":0,"max_hp_loss":0,"event_name":"World of Goop","floor":7,"gold_loss":0},{"damage_healed":0,"gold_gain":0,"player_choice":"Joined the Cult","damage_taken":6,"max_hp_gain":0,"max_hp_loss":0,"event_name":"Nest","floor":19,"gold_loss":0,"cards_obtained":["RitualDagger"]},{"damage_healed":0,"gold_gain":0,"player_choice":"Fought Bandits","damage_taken":0,"max_hp_gain":0,"max_hp_loss":0,"event_name":"Masked Bandits","floor":20,"gold_loss":0},{"damage_healed":0,"gold_gain":0,"player_choice":"Obtained Relic","damage_taken":0,"relics_obtained":["TeardropLocket"],"max_hp_gain":0,"max_hp_loss":0,"event_name":"Addict","floor":31,"gold_loss":85},{"damage_healed":0,"gold_gain":222,"player_choice":"Wore Mask","damage_taken":0,"max_hp_gain":0,"max_hp_loss":0,"event_name":"Tomb of Lord Red Mask","floor":37,"gold_loss":0},{"damage_healed":0,"gold_gain":0,"player_choice":"Memory 3","damage_taken":10,"max_hp_gain":0,"max_hp_loss":0,"event_name":"SensoryStone","floor":38,"gold_loss":0},{"damage_healed":0,"gold_gain":0,"player_choice":"Max HP","damage_taken":0,"max_hp_gain":0,"max_hp_loss":5,"event_name":"Winding Halls","floor":48,"gold_loss":0}],"is_beta":false,"boss_relics":[{"not_picked":["Velvet Choker","Busted Crown"],"picked":"Runic Dome"},{"not_picked":["SacredBark","SlaversCollar"],"picked":"VioletLotus"}],"items_purged_floors":[4,21,45,54],"is_endless":false,"potions_floor_spawned":[5,8,10,14,22,29,30,41,46,47],"ascension_level":20}