{"gold_per_floor":[114,129,17,36,36,71,71,102,102,132,132,212,229,243,243,321,321,335,335,144,191,191,191,235,235,235,235,262,322,322,385,385,457,457,505,520,568,568,400,458,507,507],"floor_reached":42,"playtime":2738,"items_purged":["Defend_P","Eruption"],"score":1118,"play_id":"2516e61f-bc00-4d33-bb6b-1a2db41840b8","local_time":"20220107173628","is_ascension_mode":true,"campfire_choices":[{"floor":7,"key":"DIG"},{"floor":11,"key":"DIG"},{"floor":15,"key":"DIG"},{"floor":23,"key":"DIG"},{"floor":25,"key":"DIG"},{"floor":27,"key":"DIG"},{"floor":32,"key":"DIG"}],"neow_cost":"PERCENT_DAMAGE","seed_source_timestamp":1397923841820900,"circlet_count":0,"master_deck":["AscendersBane","Vigilance+1","CrushJoints","CutThroughFate","ThirdEye","CarveReality","Tantrum","Wish+1","ClearTheMind+1","Jack Of All Trades+1","Meditate+1","Adaptation+1","Pray+1","Tantrum","Study+1","Nirvana+1","DeusExMachina+1","TalkToTheHand"],"relics":["PureWater","Shovel","Ornamental Fan","Pear","Happy Flower","Toxic Egg 2","FossilizedHelix","Boot","War Paint","Empty Cage","Blood Vial","Pantograph","TungstenRod","Art of War","Strawberry","Tiny Chest","Frozen Egg 2","Bird Faced Urn","Pandora\u0027s Box","Damaru","Pocketwatch"],"potions_floor_usage":[10,16,29,42],"damage_taken":[{"damage":0,"enemies":"Cultist","floor":1,"turns":2},{"damage":7,"enemies":"Jaw Worm","floor":2,"turns":3},{"damage":1,"enemies":"2 Louse","floor":4,"turns":3},{"damage":12,"enemies":"Lagavulin","floor":6,"turns":5},{"damage":24,"enemies":"3 Sentries","floor":8,"turns":7},{"damage":0,"enemies":"Gremlin Nob","floor":10,"turns":2},{"damage":0,"enemies":"Looter","floor":13,"turns":1},{"damage":0,"enemies":"Blue Slaver","floor":14,"turns":2},{"damage":0,"enemies":"The Guardian","floor":16,"turns":9},{"damage":0,"enemies":"Spheric Guardian","floor":18,"turns":3},{"damage":0,"enemies":"2 Thieves","floor":21,"turns":3},{"damage":0,"enemies":"Snecko","floor":24,"turns":4},{"damage":8,"enemies":"Slavers","floor":29,"turns":4},{"damage":18,"enemies":"Book of Stabbing","floor":31,"turns":4},{"damage":15,"enemies":"Champ","floor":33,"turns":7},{"damage":0,"enemies":"Orb Walker","floor":35,"turns":3},{"damage":38,"enemies":"3 Darklings","floor":36,"turns":5},{"damage":14,"enemies":"Spire Growth","floor":37,"turns":4},{"damage":20,"enemies":"Nemesis","floor":40,"turns":5},{"damage":0,"enemies":"Maw","floor":41,"turns":5},{"damage":58,"enemies":"Reptomancer","floor":42,"turns":4}],"seed_played":"-7477700418575610892","potions_obtained":[{"floor":1,"key":"SpeedPotion"},{"floor":8,"key":"Strength Potion"},{"floor":10,"key":"Strength Potion"},{"floor":18,"key":"Weak Potion"},{"floor":21,"key":"Block Potion"},{"floor":37,"key":"BlessingOfTheForge"}],"is_trial":false,"path_per_floor":["M","M","$","M","?","E","R","E","T","E","R","T","M","M","R","B",null,"M","?","$","M","?","R","M","R","T","R","T","E","?","E","R","B",null,"M","M","M","?","$","E","M","E"],"character_chosen":"WATCHER","items_purchased":["Tantrum","Jack Of All Trades+1","Damaru"],"campfire_rested":0,"item_purchase_floors":[3,20,39],"current_hp_per_floor":[43,36,36,35,35,23,33,9,9,9,9,9,9,9,9,9,61,61,61,61,61,61,61,63,63,63,63,70,64,64,48,48,64,80,85,51,45,45,45,37,45,0],"gold":507,"neow_bonus":"ONE_RARE_RELIC","is_prod":false,"is_daily":false,"chose_seed":false,"campfire_upgraded":0,"win_rate":0,"timestamp":1641594988,"path_taken":["M","?","$","M","?","E","R","E","T","E","R","?","M","M","R","BOSS","M","?","$","M","?","R","M","R","T","R","?","E","?","E","R","BOSS","M","M","M","?","$","E","M","E"],"build_version":"2020-12-22","purchased_purges":2,"victory":false,"max_hp_per_floor":[68,68,68,68,68,68,78,78,78,78,78,78,78,78,78,78,78,78,78,78,78,78,78,78,78,78,78,85,85,85,85,85,85,85,85,85,85,85,85,85,85,85],"relic_stats":{"Happy Flower":[21],"counters":[21,85],"War Paint":["Defend_P","Vigilance"],"Boot":[183],"Blood Vial":18,"Shovel":7,"Ornamental Fan":[160],"Pantograph":25,"Bird Faced Urn":[39],"Tiny Chest":0,"Pandora\u0027s Box":["Pray","Tantrum","Study","Nirvana"],"Art of War":[8],"PureWater":[21],"obtain_stats":[{"Pear":7,"Happy Flower":8,"Damaru":39,"War Paint":15,"Frozen Egg 2":31,"Boot":11,"Empty Cage":17,"Blood Vial":23,"Shovel":0,"Ornamental Fan":6,"Pantograph":25,"Strawberry":28,"Bird Faced Urn":32,"Tiny Chest":29,"Pandora\u0027s Box":34,"Art of War":27,"PureWater":0,"Toxic Egg 2":9,"FossilizedHelix":10,"TungstenRod":26,"Pocketwatch":40},{"Pear":4,"Happy Flower":5,"Damaru":18,"War Paint":8,"Frozen Egg 2":14,"Boot":6,"Empty Cage":9,"Blood Vial":11,"Shovel":0,"Ornamental Fan":4,"Pantograph":12,"Strawberry":12,"Bird Faced Urn":14,"Tiny Chest":13,"Pandora\u0027s Box":15,"Art of War":12,"PureWater":0,"Toxic Egg 2":5,"FossilizedHelix":6,"TungstenRod":12,"Pocketwatch":19},{"Pear":13,"Happy Flower":20,"Damaru":71,"War Paint":25,"Frozen Egg 2":52,"Boot":22,"Empty Cage":34,"Blood Vial":40,"Shovel":0,"Ornamental Fan":13,"Pantograph":44,"Strawberry":44,"Bird Faced Urn":52,"Tiny Chest":48,"Pandora\u0027s Box":59,"Art of War":44,"PureWater":0,"Toxic Egg 2":20,"FossilizedHelix":22,"TungstenRod":44,"Pocketwatch":76}],"FossilizedHelix":[175],"TungstenRod":22,"Pocketwatch":[7]},"card_choices":[{"not_picked":["BattleHymn","EmptyFist"],"picked":"CrushJoints","floor":1},{"not_picked":["Wireheading","Perseverance"],"picked":"CutThroughFate","floor":2},{"not_picked":["Halt","JustLucky"],"picked":"ThirdEye","floor":4},{"not_picked":["PathToVictory","ThirdEye","SpiritShield"],"picked":"SKIP","floor":6},{"not_picked":["ThirdEye","MasterReality"],"picked":"CarveReality","floor":8},{"not_picked":["BowlingBash","LikeWater","Nirvana"],"picked":"SKIP","floor":10},{"not_picked":["SashWhip","Consecrate"],"picked":"Tantrum","floor":13},{"not_picked":["SashWhip","Pray+1","Prostrate+1"],"picked":"SKIP","floor":14},{"not_picked":["DevaForm","Establishment"],"picked":"Wish+1","floor":16},{"not_picked":["Consecrate","Pray+1"],"picked":"ClearTheMind+1","floor":18},{"not_picked":["LikeWater","DeceiveReality+1","SignatureMove"],"picked":"SKIP","floor":21},{"not_picked":["Swivel+1","PathToVictory+1","Crescendo+1"],"picked":"SKIP","floor":24},{"not_picked":["Halt+1","Consecrate"],"picked":"Meditate+1","floor":29},{"not_picked":["Study+1","Vengeance+1"],"picked":"Adaptation+1","floor":31},{"not_picked":["BowlingBash","FlurryOfBlows","Wallop"],"picked":"SKIP","floor":35},{"not_picked":["ReachHeaven","Conclude","Wallop"],"picked":"SKIP","floor":36},{"not_picked":["CrushJoints","Nirvana+1","Collect+1"],"picked":"SKIP","floor":37},{"not_picked":["CrushJoints+1","BowlingBash"],"picked":"DeusExMachina+1","floor":40},{"not_picked":["SashWhip","FlurryOfBlows+1"],"picked":"TalkToTheHand","floor":41}],"player_experience":5877030,"relics_obtained":[{"floor":6,"key":"Ornamental Fan"},{"floor":7,"key":"Pear"},{"floor":8,"key":"Happy Flower"},{"floor":9,"key":"Toxic Egg 2"},{"floor":10,"key":"FossilizedHelix"},{"floor":11,"key":"Boot"},{"floor":15,"key":"War Paint"},{"floor":23,"key":"Blood Vial"},{"floor":25,"key":"Pantograph"},{"floor":26,"key":"TungstenRod"},{"floor":27,"key":"Art of War"},{"floor":28,"key":"Strawberry"},{"floor":29,"key":"Tiny Chest"},{"floor":31,"key":"Frozen Egg 2"},{"floor":32,"key":"Bird Faced Urn"},{"floor":40,"key":"Pocketwatch"}],"event_choices":[{"damage_healed":0,"gold_gain":0,"player_choice":"Ignored","damage_taken":0,"max_hp_gain":0,"max_hp_loss":0,"event_name":"Liars Game","floor":5,"gold_loss":0},{"damage_healed":0,"gold_gain":0,"player_choice":"Ignored","damage_taken":0,"max_hp_gain":0,"max_hp_loss":0,"event_name":"Vampires","floor":19,"gold_loss":0},{"cards_removed":["Defend_P"],"damage_healed":0,"gold_gain":0,"player_choice":"Elegance","damage_taken":0,"max_hp_gain":0,"max_hp_loss":0,"event_name":"Back to Basics","floor":22,"gold_loss":0},{"damage_healed":0,"gold_gain":0,"player_choice":"Ignored","damage_taken":0,"max_hp_gain":0,"max_hp_loss":0,"event_name":"The Mausoleum","floor":30,"gold_loss":0},{"cards_removed":["Tantrum"],"damage_healed":0,"gold_gain":0,"player_choice":"Removed Attack","damage_taken":0,"max_hp_gain":0,"max_hp_loss":0,"event_name":"Falling","floor":38,"gold_loss":0}],"is_beta":false,"boss_relics":[{"not_picked":["SacredBark","Sozu"],"picked":"Empty Cage"},{"not_picked":["Velvet Choker","Calling Bell"],"picked":"Pandora\u0027s Box"}],"items_purged_floors":[3,20],"is_endless":false,"potions_floor_spawned":[1,8,10,18,21,24,37],"killed_by":"Reptomancer","ascension_level":20}