{"gold_per_floor":[117,132,147,31,31,63,63,94,171,171,183,193,193,220,220,298,298,318,329,92,92,92,103,129,129,129,129,145,170,184,216,216,294,294,313,313,213,213,563,590,609,237,264,283,300,334,345,370,370,370,370,370,370,45,73,73],"floor_reached":57,"playtime":4781,"items_purged":["Defend_P","Strike_P","Strike_P","Strike_P+1"],"score":3180,"play_id":"91344672-2d01-47c6-b74e-712cb4bb5ed3","local_time":"20220115182435","is_ascension_mode":true,"campfire_choices":[{"data":"Eruption","floor":7,"key":"SMITH"},{"data":"CrushJoints","floor":13,"key":"SMITH"},{"data":"Meditate","floor":15,"key":"SMITH"},{"data":"Ragnarok","floor":32,"key":"SMITH"},{"floor":49,"key":"RECALL"},{"data":"Worship","floor":53,"key":"SMITH"}],"neow_cost":"TEN_PERCENT_HP_LOSS","seed_source_timestamp":625800165557400,"circlet_count":0,"master_deck":["AscendersBane","Strike_P+1","Eruption+1","Vigilance+1","CrushJoints+1","DeceiveReality+1","FearNoEvil+1","Omniscience+1","Meditate+1","CutThroughFate+1","TalkToTheHand+1","Establishment+1","LikeWater+1","LessonLearned+1","Vault+1","Scrawl+1","ClearTheMind+1","Necronomicurse","Tantrum+1","Swivel+1","Ragnarok+1","Worship+1","Discovery+1","Discovery+1","DevaForm+1","MentalFortress+1","Vault+1","DevaForm","Vault","Alpha"],"relics":["PureWater","Mango","Du-Vu Doll","StrikeDummy","Gambling Chip","Bird Faced Urn","Snecko Eye","Necronomicon","Bottled Flame","Nloth\u0027s Gift","Potion Belt","Oddly Smooth Stone","Coffee Dripper","Old Coin","Regal Pillow","Whetstone","Bronze Scales","Bag of Marbles","GoldenEye","Vajra"],"potions_floor_usage":[6,18,29,47,56,56,56,56],"damage_taken":[{"damage":0,"enemies":"Cultist","floor":1,"turns":2},{"damage":7,"enemies":"Jaw Worm","floor":2,"turns":2},{"damage":0,"enemies":"Small Slimes","floor":3,"turns":4},{"damage":0,"enemies":"Lagavulin","floor":6,"turns":5},{"damage":1,"enemies":"Gremlin Nob","floor":8,"turns":3},{"damage":0,"enemies":"2 Fungi Beasts","floor":11,"turns":2},{"damage":0,"enemies":"Large Slime","floor":12,"turns":2},{"damage":0,"enemies":"Lagavulin","floor":14,"turns":4},{"damage":8,"enemies":"The Guardian","floor":16,"turns":7},{"damage":0,"enemies":"Chosen","floor":18,"turns":4},{"damage":0,"enemies":"3 Byrds","floor":19,"turns":5},{"damage":0,"enemies":"Snake Plant","floor":23,"turns":1},{"damage":0,"enemies":"Book of Stabbing","floor":24,"turns":2},{"damage":0,"enemies":"3 Cultists","floor":28,"turns":1},{"damage":26,"enemies":"Slavers","floor":29,"turns":6},{"damage":0,"enemies":"Shelled Parasite and Fungi","floor":30,"turns":2},{"damage":0,"enemies":"Book of Stabbing","floor":31,"turns":1},{"damage":0,"enemies":"Champ","floor":33,"turns":8},{"damage":0,"enemies":"3 Shapes","floor":35,"turns":5},{"damage":0,"enemies":"2 Orb Walkers","floor":39,"turns":2},{"damage":0,"enemies":"Nemesis","floor":40,"turns":2},{"damage":0,"enemies":"Orb Walker","floor":41,"turns":1},{"damage":0,"enemies":"Sphere and 2 Shapes","floor":44,"turns":6},{"damage":0,"enemies":"Maw","floor":45,"turns":4},{"damage":0,"enemies":"Reptomancer","floor":46,"turns":3},{"damage":0,"enemies":"Writhing Mass","floor":47,"turns":2},{"damage":0,"enemies":"Mind Bloom Boss Battle","floor":48,"turns":4},{"damage":12,"enemies":"Awakened One","floor":50,"turns":6},{"damage":39,"enemies":"Donu and Deca","floor":51,"turns":5},{"damage":0,"enemies":"Shield and Spear","floor":55,"turns":4},{"damage":21,"enemies":"The Heart","floor":56,"turns":8}],"seed_played":"-548958218774193988","potions_obtained":[{"floor":3,"key":"ColorlessPotion"},{"floor":11,"key":"Ancient Potion"},{"floor":16,"key":"Swift Potion"},{"floor":18,"key":"PowerPotion"},{"floor":29,"key":"GamblersBrew"},{"floor":30,"key":"FearPotion"},{"floor":31,"key":"LiquidMemories"},{"floor":35,"key":"SpeedPotion"},{"floor":40,"key":"PowerPotion"},{"floor":48,"key":"EssenceOfSteel"},{"floor":55,"key":"Strength Potion"}],"is_trial":false,"path_per_floor":["M","M","M","$","?","E","R","E","T","?","M","M","R","E","R","B",null,"M","M","$","?","?","M","E","?","T","?","M","E","M","E","R","B",null,"M","?","$","?","?","E","M","$","T","M","M","E","M","?","R","B","B",null,"R","$","E","B",null],"character_chosen":"WATCHER","items_purchased":["FearNoEvil","LessonLearned","Vault","MentalFortress","Whetstone","Vault"],"campfire_rested":0,"item_purchase_floors":[4,20,20,42,42,54],"current_hp_per_floor":[75,68,68,68,73,73,73,79,79,68,68,68,68,68,68,60,81,81,87,87,87,66,66,66,66,66,66,66,42,42,42,42,48,78,82,82,82,72,76,80,80,80,80,88,88,88,88,88,88,78,53,79,79,79,88,75],"gold":73,"neow_bonus":"ONE_RARE_RELIC","is_prod":false,"is_daily":false,"chose_seed":false,"campfire_upgraded":5,"win_rate":0,"timestamp":1642289075,"path_taken":["M","M","M","$","?","E","R","E","T","?","M","M","R","E","R","BOSS","M","M","$","?","?","M","E","?","T","?","M","E","?","E","R","BOSS","M","?","?","?","?","E","M","$","T","M","M","E","M","?","R","BOSS","BOSS","R","$","E","BOSS"],"build_version":"2020-12-22","purchased_purges":4,"victory":true,"max_hp_per_floor":[76,76,76,76,81,81,81,88,88,88,88,88,88,88,88,88,88,88,88,88,88,88,88,88,88,88,88,88,88,88,88,88,88,88,88,88,88,88,88,88,88,88,88,88,88,88,88,88,88,88,88,88,88,88,88,88],"relic_stats":{"Regal Pillow":0,"counters":[31,113],"Whetstone":["LessonLearned","Strike_P"],"GoldenEye":[22],"Bottled Flame":"CutThroughFate","Gambling Chip":[92],"Bird Faced Urn":[67],"Bronze Scales":[81],"Snecko Eye":[173,171,124,179,-61],"Necronomicon":[33],"Nloth\u0027s Gift":9,"PureWater":[23],"obtain_stats":[{"Potion Belt":29,"Regal Pillow":40,"Oddly Smooth Stone":31,"Vajra":55,"Mango":0,"Whetstone":42,"GoldenEye":48,"Old Coin":39,"Du-Vu Doll":6,"Bottled Flame":24,"Strawberry":8,"Gambling Chip":10,"Bird Faced Urn":14,"Bronze Scales":43,"Snecko Eye":17,"Necronomicon":22,"Nloth\u0027s Gift":27,"Coffee Dripper":34,"Bag of Marbles":46,"PureWater":0,"StrikeDummy":9},{"Potion Belt":15,"Regal Pillow":21,"Oddly Smooth Stone":17,"Vajra":30,"Mango":0,"Whetstone":22,"GoldenEye":27,"Old Coin":20,"Du-Vu Doll":4,"Bottled Flame":13,"Strawberry":5,"Gambling Chip":5,"Bird Faced Urn":8,"Bronze Scales":22,"Snecko Eye":9,"Necronomicon":11,"Nloth\u0027s Gift":13,"Coffee Dripper":18,"Bag of Marbles":25,"PureWater":0,"StrikeDummy":5},{"Potion Belt":50,"Regal Pillow":70,"Oddly Smooth Stone":53,"Vajra":105,"Mango":0,"Whetstone":71,"GoldenEye":90,"Old Coin":68,"Du-Vu Doll":13,"Bottled Flame":43,"Strawberry":16,"Gambling Chip":16,"Bird Faced Urn":24,"Bronze Scales":71,"Snecko Eye":31,"Necronomicon":40,"Nloth\u0027s Gift":43,"Coffee Dripper":61,"Bag of Marbles":84,"PureWater":0,"StrikeDummy":16}]},"card_choices":[{"not_picked":["Protect","FlurryOfBlows"],"picked":"CrushJoints","floor":1},{"not_picked":["Protect","Vengeance"],"picked":"DeceiveReality","floor":2},{"not_picked":["Evaluate","JustLucky","CrushJoints"],"picked":"SKIP","floor":3},{"not_picked":["Protect","Prostrate"],"picked":"Omniscience","floor":6},{"not_picked":["Sanctity","FollowUp"],"picked":"Meditate","floor":8},{"not_picked":["Collect","EmptyFist"],"picked":"CutThroughFate","floor":11},{"not_picked":["Weave","PathToVictory"],"picked":"TalkToTheHand","floor":14},{"not_picked":["Scrawl","Devotion"],"picked":"Establishment","floor":16},{"not_picked":["Fasting2","FollowUp"],"picked":"LikeWater+1","floor":18},{"not_picked":["EmptyFist","ThirdEye","Crescendo"],"picked":"SKIP","floor":19},{"not_picked":["Prostrate","Indignation"],"picked":"Tantrum+1","floor":23},{"not_picked":["Perseverance","BowlingBash"],"picked":"Swivel","floor":24},{"not_picked":["ClearTheMind","Collect","Pray"],"picked":"SKIP","floor":28},{"not_picked":["Pray","Consecrate"],"picked":"Ragnarok","floor":29},{"not_picked":["Halt","Wireheading"],"picked":"Worship","floor":30},{"not_picked":["JustLucky","Blasphemy","WindmillStrike+1"],"picked":"SKIP","floor":31},{"not_picked":["SignatureMove","Perseverance","Crescendo"],"picked":"SKIP","floor":35},{"not_picked":["Purity","Flash of Steel"],"picked":"Discovery","floor":38},{"not_picked":["PanicButton","Secret Weapon"],"picked":"Discovery","floor":38},{"not_picked":["Blasphemy","PathToVictory+1"],"picked":"DevaForm","floor":40},{"not_picked":["Meditate","Devotion","Crescendo"],"picked":"SKIP","floor":41},{"not_picked":["SashWhip","BattleHymn","SignatureMove"],"picked":"SKIP","floor":44},{"not_picked":["Consecrate","JustLucky"],"picked":"Vault","floor":45},{"not_picked":["Establishment","WindmillStrike","EmptyFist+1"],"picked":"SKIP","floor":46},{"not_picked":["FollowUp","Nirvana"],"picked":"DevaForm","floor":47},{"not_picked":["FlurryOfBlows","MasterReality"],"picked":"Alpha","floor":55}],"player_experience":5971094,"relics_obtained":[{"floor":6,"key":"Du-Vu Doll"},{"floor":8,"key":"Strawberry"},{"floor":9,"key":"StrikeDummy"},{"floor":14,"key":"Bird Faced Urn"},{"floor":22,"key":"Necronomicon"},{"floor":24,"key":"Bottled Flame"},{"floor":29,"key":"Potion Belt"},{"floor":31,"key":"Oddly Smooth Stone"},{"floor":39,"key":"Old Coin"},{"floor":40,"key":"Regal Pillow"},{"floor":43,"key":"Bronze Scales"},{"floor":46,"key":"Bag of Marbles"},{"floor":48,"key":"GoldenEye"},{"floor":55,"key":"Vajra"}],"event_choices":[{"damage_healed":0,"gold_gain":0,"player_choice":"Donut","damage_taken":0,"max_hp_gain":5,"max_hp_loss":0,"event_name":"Big Fish","floor":5,"gold_loss":0},{"damage_healed":0,"gold_gain":0,"player_choice":"Success","damage_taken":11,"relics_obtained":["Gambling Chip"],"max_hp_gain":0,"max_hp_loss":0,"event_name":"Scrap Ooze","floor":10,"gold_loss":0},{"damage_healed":0,"gold_gain":0,"cards_transformed":["Defend_P","Defend_P"],"player_choice":"Became Test Subject","damage_taken":0,"max_hp_gain":0,"max_hp_loss":0,"event_name":"Drug Dealer","floor":21,"gold_loss":0,"cards_obtained":["Scrawl","ClearTheMind"]},{"damage_healed":0,"gold_gain":0,"player_choice":"Obtained Book","damage_taken":21,"max_hp_gain":0,"max_hp_loss":0,"event_name":"Cursed Tome","floor":22,"gold_loss":0},{"cards_removed":["Defend_P"],"damage_healed":0,"gold_gain":0,"player_choice":"Elegance","damage_taken":0,"max_hp_gain":0,"max_hp_loss":0,"event_name":"Back to Basics","floor":25,"gold_loss":0},{"damage_healed":0,"gold_gain":0,"player_choice":"Traded Relic","damage_taken":0,"relics_obtained":["Nloth\u0027s Gift"],"max_hp_gain":0,"max_hp_loss":0,"event_name":"N\u0027loth","floor":27,"relics_lost":["Strawberry"],"gold_loss":0},{"damage_healed":0,"gold_gain":0,"player_choice":"Ignored","damage_taken":0,"max_hp_gain":0,"max_hp_loss":0,"event_name":"SecretPortal","floor":36,"gold_loss":0},{"damage_healed":0,"gold_gain":0,"player_choice":"Memory 3","damage_taken":10,"max_hp_gain":0,"max_hp_loss":0,"event_name":"SensoryStone","floor":38,"gold_loss":0},{"damage_healed":0,"gold_gain":0,"player_choice":"Fight","damage_taken":0,"max_hp_gain":0,"max_hp_loss":0,"event_name":"Mysterious Sphere","floor":39,"gold_loss":0},{"damage_healed":0,"gold_gain":0,"player_choice":"Fight","damage_taken":0,"max_hp_gain":0,"max_hp_loss":0,"event_name":"MindBloom","floor":48,"gold_loss":0}],"is_beta":false,"boss_relics":[{"not_picked":["Runic Dome","Fusion Hammer"],"picked":"Snecko Eye"},{"not_picked":["HolyWater","SlaversCollar"],"picked":"Coffee Dripper"}],"items_purged_floors":[4,37,42,54],"is_endless":false,"potions_floor_spawned":[3,11,16,18,29,30,31,35,40,41,48,55],"ascension_level":20}