{"gold_per_floor":[111,127,52,52,52,52,63,63,63,63,98,113,17,42,42,117,117,135,165,184,84,103,130,147,159,186,186,220,145,145,171,171,247,247,260,260,1259,723,772,260,279,279,279,279,291,323,323,348,348,348,348,348,348,5,35,35],"floor_reached":56,"playtime":4051,"items_purged":["Defend_P","Strike_P","Normality","Normality"],"score":2113,"play_id":"354c0a6a-a904-4ad9-96e8-df4758c5acb6","local_time":"20220128185732","is_ascension_mode":true,"campfire_choices":[{"data":"Eruption","floor":6,"key":"SMITH"},{"data":"ConjureBlade","floor":8,"key":"SMITH"},{"data":"WreathOfFlame","floor":10,"key":"SMITH"},{"data":"EmptyMind","floor":15,"key":"SMITH"},{"data":"BowlingBash","floor":27,"key":"SMITH"},{"data":"CutThroughFate","floor":30,"key":"SMITH"},{"data":"Meditate","floor":32,"key":"SMITH"},{"data":"MentalFortress","floor":42,"key":"SMITH"},{"floor":44,"key":"RECALL"},{"data":"MasterReality","floor":47,"key":"SMITH"},{"data":"Magnetism","floor":49,"key":"SMITH"},{"data":"Scrawl","floor":53,"key":"SMITH"}],"neow_cost":"TEN_PERCENT_HP_LOSS","seed_source_timestamp":837341216805500,"circlet_count":0,"master_deck":["AscendersBane","Strike_P","Strike_P","Defend_P","Defend_P","Eruption+1","Vigilance","ConjureBlade+1","FearNoEvil","EmptyMind+1","WreathOfFlame+1","CutThroughFate+1","InnerPeace","DeceiveReality+1","BowlingBash+1","Evaluate+1","InnerPeace","InnerPeace+1","Meditate+1","MasterReality+1","Master of Strategy","Master of Strategy","Dark Shackles","EmptyMind+1","Scrawl+1","CutThroughFate+1","MentalFortress+1","Magnetism+1","Vault","EmptyMind"],"relics":["PureWater","Mercury Hourglass","Toy Ornithopter","Regal Pillow","Vajra","VioletLotus","Red Mask","Dream Catcher","Oddly Smooth Stone","Bottled Flame","Bag of Preparation","SlaversCollar","Orrery","Bag of Marbles","ClockworkSouvenir","Juzu Bracelet","Bronze Scales","Frozen Egg 2","Bottled Tornado","Gremlin Horn"],"potions_floor_usage":[11,19,23,23,23,31,41,56,56,56,56],"damage_taken":[{"damage":7,"enemies":"Jaw Worm","floor":1,"turns":4},{"damage":3,"enemies":"2 Louse","floor":2,"turns":2},{"damage":0,"enemies":"Small Slimes","floor":7,"turns":2},{"damage":12,"enemies":"3 Sentries","floor":11,"turns":6},{"damage":8,"enemies":"Exordium Thugs","floor":12,"turns":3},{"damage":0,"enemies":"Gremlin Nob","floor":14,"turns":2},{"damage":24,"enemies":"Hexaghost","floor":16,"turns":4},{"damage":3,"enemies":"Spheric Guardian","floor":18,"turns":3},{"damage":0,"enemies":"Masked Bandits","floor":19,"turns":2},{"damage":16,"enemies":"2 Thieves","floor":20,"turns":2},{"damage":3,"enemies":"Snake Plant","floor":22,"turns":3},{"damage":7,"enemies":"Slavers","floor":23,"turns":4},{"damage":6,"enemies":"Shelled Parasite and Fungi","floor":24,"turns":3},{"damage":5,"enemies":"Centurion and Healer","floor":25,"turns":5},{"damage":0,"enemies":"Gremlin Leader","floor":28,"turns":3},{"damage":2,"enemies":"Book of Stabbing","floor":31,"turns":3},{"damage":23,"enemies":"Collector","floor":33,"turns":6},{"damage":0,"enemies":"3 Shapes","floor":35,"turns":5},{"damage":0,"enemies":"3 Darklings","floor":41,"turns":3},{"damage":0,"enemies":"Maw","floor":45,"turns":4},{"damage":0,"enemies":"Reptomancer","floor":46,"turns":3},{"damage":13,"enemies":"Nemesis","floor":48,"turns":8},{"damage":3,"enemies":"Donu and Deca","floor":50,"turns":5},{"damage":6,"enemies":"Awakened One","floor":51,"turns":11},{"damage":0,"enemies":"Shield and Spear","floor":55,"turns":5},{"damage":89,"enemies":"The Heart","floor":56,"turns":10}],"seed_played":"8784748077131492728","potions_obtained":[{"floor":1,"key":"AttackPotion"},{"floor":7,"key":"EntropicBrew"},{"floor":16,"key":"Fire Potion"},{"floor":22,"key":"LiquidBronze"},{"floor":23,"key":"SteroidPotion"},{"floor":35,"key":"DistilledChaos"},{"floor":48,"key":"AttackPotion"}],"is_trial":false,"path_per_floor":["M","M","$","?","?","R","M","R","T","R","E","M","?","E","R","B",null,"M","?","M","$","M","E","M","M","T","R","E","?","R","E","R","B",null,"M","?","?","$","T","$","M","R","T","R","M","E","R","E","R","B","B",null,"R","$","E","B"],"character_chosen":"WATCHER","items_purchased":["Orrery","MentalFortress","Bag of Marbles","ClockworkSouvenir","Magnetism","Bottled Tornado","ColorlessPotion"],"campfire_rested":0,"item_purchase_floors":[38,38,38,40,40,54,54],"current_hp_per_floor":[54,51,51,56,56,56,56,56,56,56,44,36,36,36,36,12,53,50,55,39,39,36,44,38,33,33,33,33,33,33,36,36,13,54,54,44,44,44,44,44,49,49,49,49,49,49,49,36,36,33,27,57,57,57,57,0],"gold":35,"neow_bonus":"THREE_RARE_CARDS","is_prod":false,"is_daily":false,"chose_seed":false,"campfire_upgraded":11,"win_rate":0,"timestamp":1643414252,"path_taken":["M","M","$","?","?","R","M","R","T","R","E","?","?","E","R","BOSS","M","?","M","$","M","E","M","M","T","R","E","?","R","E","R","BOSS","M","?","?","$","?","$","M","R","T","R","M","E","R","E","R","BOSS","BOSS","R","$","E","BOSS"],"build_version":"2020-12-22","purchased_purges":4,"victory":false,"max_hp_per_floor":[62,62,62,67,67,67,67,67,67,67,67,67,67,67,67,67,67,67,67,67,67,67,67,67,67,67,67,67,67,67,67,67,67,67,67,67,67,67,67,67,67,67,67,67,67,67,67,67,67,67,67,67,67,67,67,67],"relic_stats":{"Regal Pillow":0,"Gremlin Horn":[0,0],"counters":[26,110],"Bag of Preparation":[20],"Juzu Bracelet":0,"Bottled Tornado":"MasterReality","Mercury Hourglass":[433],"Dream Catcher":0,"Bottled Flame":"CutThroughFate","Bronze Scales":[223],"VioletLotus":[87],"PureWater":[26],"obtain_stats":[{"Regal Pillow":13,"Gremlin Horn":55,"Vajra":14,"Oddly Smooth Stone":26,"Bag of Preparation":31,"Juzu Bracelet":43,"Frozen Egg 2":48,"Bottled Tornado":54,"Mercury Hourglass":9,"ClockworkSouvenir":40,"SlaversCollar":34,"Dream Catcher":23,"Bottled Flame":28,"Bronze Scales":46,"Orrery":38,"VioletLotus":17,"Red Mask":19,"Bag of Marbles":38,"PureWater":0,"Toy Ornithopter":11},{"Regal Pillow":5,"Gremlin Horn":25,"Vajra":6,"Oddly Smooth Stone":14,"Bag of Preparation":16,"Juzu Bracelet":19,"Frozen Egg 2":22,"Bottled Tornado":24,"Mercury Hourglass":3,"ClockworkSouvenir":18,"SlaversCollar":17,"Dream Catcher":12,"Bottled Flame":15,"Bronze Scales":21,"Orrery":18,"VioletLotus":7,"Red Mask":9,"Bag of Marbles":18,"PureWater":0,"Toy Ornithopter":4},{"Regal Pillow":17,"Gremlin Horn":100,"Vajra":19,"Oddly Smooth Stone":45,"Bag of Preparation":51,"Juzu Bracelet":64,"Frozen Egg 2":79,"Bottled Tornado":95,"Mercury Hourglass":8,"ClockworkSouvenir":61,"SlaversCollar":57,"Dream Catcher":37,"Bottled Flame":48,"Bronze Scales":71,"Orrery":61,"VioletLotus":23,"Red Mask":28,"Bag of Marbles":61,"PureWater":0,"Toy Ornithopter":14}],"Toy Ornithopter":49},"card_choices":[{"not_picked":["DeusExMachina","SpiritShield"],"picked":"ConjureBlade","floor":0},{"not_picked":["FollowUp","ClearTheMind"],"picked":"FearNoEvil","floor":1},{"not_picked":["EmptyBody","ClearTheMind"],"picked":"EmptyMind","floor":2},{"not_picked":["Wallop","Halt"],"picked":"WreathOfFlame","floor":7},{"not_picked":["Perseverance","FollowUp","ReachHeaven"],"picked":"SKIP","floor":11},{"not_picked":["Prostrate","EmptyFist"],"picked":"CutThroughFate","floor":12},{"not_picked":["Crescendo","JustLucky"],"picked":"InnerPeace","floor":14},{"not_picked":["FollowUp","WreathOfFlame"],"picked":"DeceiveReality+1","floor":18},{"not_picked":["CutThroughFate","WreathOfFlame"],"picked":"BowlingBash","floor":19},{"not_picked":["SashWhip+1","BattleHymn"],"picked":"Evaluate+1","floor":20},{"not_picked":["Protect","ClearTheMind","Nirvana"],"picked":"SKIP","floor":22},{"not_picked":["LessonLearned","ConjureBlade"],"picked":"InnerPeace","floor":23},{"not_picked":["Pray","FlyingSleeves","FollowUp+1"],"picked":"SKIP","floor":24},{"not_picked":["EmptyFist","Conclude","WheelKick"],"picked":"SKIP","floor":25},{"not_picked":["EmptyFist","Conclude","WheelKick"],"picked":"SKIP","floor":25},{"not_picked":["EmptyFist","Blasphemy"],"picked":"InnerPeace+1","floor":28},{"not_picked":["FearNoEvil","Judgement"],"picked":"Meditate","floor":31},{"not_picked":["Scrawl","Blasphemy"],"picked":"MasterReality","floor":33},{"not_picked":["Worship","Perseverance","Halt"],"picked":"SKIP","floor":35},{"not_picked":["The Bomb","HandOfGreed"],"picked":"Master of Strategy","floor":36},{"not_picked":["Deep Breath","Sadistic Nature"],"picked":"Master of Strategy","floor":36},{"not_picked":["Violence","Impatience"],"picked":"Dark Shackles","floor":36},{"not_picked":["Wallop","SashWhip"],"picked":"EmptyMind+1","floor":38},{"not_picked":["Wireheading+1","EmptyBody"],"picked":"Scrawl","floor":38},{"not_picked":["Consecrate","EmptyBody"],"picked":"CutThroughFate+1","floor":38},{"not_picked":["Prostrate","ClearTheMind","CutThroughFate"],"picked":"SKIP","floor":45},{"not_picked":["Sanctity","Tantrum+1"],"picked":"Vault","floor":46},{"not_picked":["EmptyBody","Consecrate","Prostrate"],"picked":"SKIP","floor":48},{"not_picked":["CutThroughFate","Ragnarok"],"picked":"EmptyMind","floor":55}],"player_experience":6075663,"relics_obtained":[{"floor":9,"key":"Mercury Hourglass"},{"floor":11,"key":"Toy Ornithopter"},{"floor":14,"key":"Vajra"},{"floor":19,"key":"Red Mask"},{"floor":23,"key":"Dream Catcher"},{"floor":26,"key":"Oddly Smooth Stone"},{"floor":28,"key":"Bottled Flame"},{"floor":31,"key":"Bag of Preparation"},{"floor":43,"key":"Juzu Bracelet"},{"floor":46,"key":"Bronze Scales"},{"floor":48,"key":"Frozen Egg 2"},{"floor":55,"key":"Gremlin Horn"}],"event_choices":[{"damage_healed":0,"gold_gain":0,"player_choice":"Donut","damage_taken":0,"max_hp_gain":5,"max_hp_loss":0,"event_name":"Big Fish","floor":4,"gold_loss":0},{"cards_removed":["Defend_P"],"damage_healed":0,"gold_gain":0,"player_choice":"Forget","damage_taken":0,"max_hp_gain":0,"max_hp_loss":0,"event_name":"Living Wall","floor":5,"gold_loss":0},{"damage_healed":0,"gold_gain":0,"player_choice":"Paid Gold","damage_taken":0,"relics_obtained":["Regal Pillow"],"max_hp_gain":0,"max_hp_loss":0,"event_name":"WeMeetAgain","floor":13,"gold_loss":96},{"damage_healed":0,"gold_gain":0,"player_choice":"Fought Bandits","damage_taken":0,"max_hp_gain":0,"max_hp_loss":0,"event_name":"Masked Bandits","floor":19,"gold_loss":0},{"cards_removed":["Strike_P"],"damage_healed":0,"gold_gain":0,"player_choice":"Gave Gold","damage_taken":0,"max_hp_gain":0,"max_hp_loss":0,"event_name":"Beggar","floor":29,"gold_loss":75},{"damage_healed":0,"gold_gain":0,"player_choice":"Memory 3","damage_taken":10,"max_hp_gain":0,"max_hp_loss":0,"event_name":"SensoryStone","floor":36,"gold_loss":0},{"damage_healed":0,"gold_gain":999,"player_choice":"Gold","damage_taken":0,"max_hp_gain":0,"max_hp_loss":0,"event_name":"MindBloom","floor":37,"gold_loss":0,"cards_obtained":["Normality","Normality"]}],"is_beta":false,"boss_relics":[{"not_picked":["Sozu","Snecko Eye"],"picked":"VioletLotus"},{"not_picked":["Calling Bell","Pandora\u0027s Box"],"picked":"SlaversCollar"}],"items_purged_floors":[3,21,38,40],"is_endless":false,"potions_floor_spawned":[1,7,16,18,22,23,25,35,48],"killed_by":"The Heart","ascension_level":20}