{"gold_per_floor":[116,116,127,139,139,139,168,168,191,216,236,236,161,179,179,252,252,271,285,185,185,196,196,227,21,21,21,39,39,52,86,86,158,158,175,188,108,125,1,29,44,44,44,44,69,69,104,117,117,117,117,117,117,73,99,99],"floor_reached":56,"playtime":5777,"items_purged":["Strike_P","Defend_P"],"score":2295,"play_id":"05ab3693-bdfe-492f-8db7-a9cf42b84777","local_time":"20220201141416","is_ascension_mode":true,"campfire_choices":[{"data":"Blasphemy","floor":6,"key":"SMITH"},{"data":"CrushJoints","floor":8,"key":"SMITH"},{"data":"TalkToTheHand","floor":12,"key":"SMITH"},{"data":"Vigilance","floor":15,"key":"SMITH"},{"data":"Ragnarok","floor":23,"key":"SMITH"},{"data":"Eruption","floor":32,"key":"SMITH"},{"data":"Wallop","floor":42,"key":"SMITH"},{"floor":44,"key":"RECALL"},{"data":"EmptyMind","floor":46,"key":"SMITH"},{"data":"Adaptation","floor":49,"key":"SMITH"},{"floor":53,"key":"REST"}],"neow_cost":"NONE","seed_source_timestamp":1164209516293400,"circlet_count":0,"master_deck":["AscendersBane","Strike_P+1","Defend_P+1","Eruption+1","Vigilance+1","TalkToTheHand+1","CutThroughFate+1","Blasphemy+1","CrushJoints+1","Ragnarok+1","SashWhip+1","BowlingBash+1","Swivel+1","EmptyMind+1","Adaptation","MentalFortress+1","Wallop+1","Adaptation+1","ClearTheMind+1","Omniscience+1","Wireheading"],"relics":["PureWater","NeowsBlessing","Lantern","HornCleat","Centennial Puzzle","Singing Bowl","SacredBark","Pen Nib","Bag of Preparation","Nilry\u0027s Codex","Matryoshka","Empty Cage","Toy Ornithopter","Blood Vial","Whetstone","Happy Flower","Mercury Hourglass","War Paint"],"potions_floor_usage":[7,33,36,38,55,56],"damage_taken":[{"damage":0,"enemies":"Cultist","floor":1,"turns":1},{"damage":0,"enemies":"2 Louse","floor":3,"turns":2},{"damage":0,"enemies":"Small Slimes","floor":4,"turns":1},{"damage":4,"enemies":"Lagavulin","floor":7,"turns":6},{"damage":16,"enemies":"3 Sentries","floor":10,"turns":4},{"damage":0,"enemies":"Blue Slaver","floor":11,"turns":1},{"damage":0,"enemies":"Gremlin Gang","floor":14,"turns":3},{"damage":18,"enemies":"The Guardian","floor":16,"turns":12},{"damage":6,"enemies":"Shell Parasite","floor":18,"turns":2},{"damage":0,"enemies":"Spheric Guardian","floor":19,"turns":2},{"damage":0,"enemies":"Snecko","floor":22,"turns":2},{"damage":10,"enemies":"Book of Stabbing","floor":24,"turns":2},{"damage":0,"enemies":"Sentry and Sphere","floor":28,"turns":2},{"damage":0,"enemies":"3 Cultists","floor":30,"turns":3},{"damage":0,"enemies":"Gremlin Leader","floor":31,"turns":3},{"damage":0,"enemies":"Champ","floor":33,"turns":5},{"damage":0,"enemies":"Orb Walker","floor":35,"turns":1},{"damage":1,"enemies":"3 Shapes","floor":36,"turns":1},{"damage":5,"enemies":"Maw","floor":38,"turns":5},{"damage":1,"enemies":"Reptomancer","floor":40,"turns":2},{"damage":0,"enemies":"Jaw Worm Horde","floor":41,"turns":1},{"damage":0,"enemies":"Giant Head","floor":45,"turns":5},{"damage":0,"enemies":"Reptomancer","floor":47,"turns":1},{"damage":0,"enemies":"Sphere and 2 Shapes","floor":48,"turns":3},{"damage":32,"enemies":"Time Eater","floor":50,"turns":11},{"damage":32,"enemies":"Awakened One","floor":51,"turns":20},{"damage":0,"enemies":"Shield and Spear","floor":55,"turns":1},{"damage":100075,"enemies":"The Heart","floor":56,"turns":9}],"seed_played":"-5848637596448444568","potions_obtained":[{"floor":1,"key":"SkillPotion"},{"floor":3,"key":"Weak Potion"},{"floor":18,"key":"BottledMiracle"},{"floor":22,"key":"Fire Potion"},{"floor":24,"key":"StancePotion"},{"floor":28,"key":"Strength Potion"},{"floor":35,"key":"Swift Potion"},{"floor":45,"key":"Energy Potion"}],"is_trial":false,"path_per_floor":["M","?","M","M","?","R","E","R","T","E","M","R","$","M","R","B",null,"M","M","$","?","M","R","E","$","T","?","M","?","M","E","R","B",null,"M","M","$","M","$","E","M","R","T","R","E","R","E","M","R","B","B",null,"R","$","E","B"],"character_chosen":"WATCHER","items_purchased":["Bag of Preparation","EmptyMind","Wallop","Adaptation","DuplicationPotion","Wireheading"],"campfire_rested":1,"item_purchase_floors":[25,25,37,39,39,54],"current_hp_per_floor":[61,61,61,61,54,54,50,50,50,36,38,38,38,40,40,22,61,57,57,57,57,57,57,47,47,47,26,28,28,30,30,30,32,70,70,71,71,68,68,69,69,69,69,69,73,73,77,79,79,49,19,74,92,92,94,0],"gold":99,"neow_bonus":"THREE_ENEMY_KILL","is_prod":false,"is_daily":false,"chose_seed":false,"campfire_upgraded":9,"win_rate":0,"timestamp":1643742856,"path_taken":["M","?","M","?","?","R","E","R","T","E","M","R","$","M","R","BOSS","M","M","$","?","M","R","E","$","T","?","M","?","M","E","R","BOSS","M","?","$","M","$","E","M","R","T","R","E","R","E","M","R","BOSS","BOSS","R","$","E","BOSS"],"build_version":"2020-12-22","purchased_purges":2,"victory":false,"max_hp_per_floor":[68,68,68,68,68,68,68,68,68,70,72,72,72,74,74,74,74,76,76,76,76,76,76,76,76,76,76,78,78,80,80,80,82,82,82,84,84,86,86,88,88,88,88,88,90,90,92,92,92,92,92,92,92,92,94,94],"relic_stats":{"Singing Bowl":26,"Happy Flower":[15],"counters":[28,110],"Nilry\u0027s Codex":[3,16,7,31],"Pen Nib":[15],"Bag of Preparation":[32],"Whetstone":["CutThroughFate","Strike_P"],"War Paint":["Omniscience","Defend_P"],"Mercury Hourglass":[147],"Blood Vial":10,"Centennial Puzzle":[30],"Matryoshka":1,"PureWater":[19],"obtain_stats":[{"Lantern":2,"NeowsBlessing":0,"Singing Bowl":10,"Happy Flower":45,"Nilry\u0027s Codex":27,"SacredBark":17,"Pen Nib":24,"Bag of Preparation":25,"Whetstone":43,"War Paint":55,"Empty Cage":34,"Mercury Hourglass":47,"Blood Vial":43,"Centennial Puzzle":9,"HornCleat":7,"Matryoshka":31,"PureWater":0,"Toy Ornithopter":40},{"Lantern":1,"NeowsBlessing":0,"Singing Bowl":5,"Happy Flower":22,"Nilry\u0027s Codex":12,"SacredBark":8,"Pen Nib":12,"Bag of Preparation":12,"Whetstone":21,"War Paint":27,"Empty Cage":16,"Mercury Hourglass":23,"Blood Vial":21,"Centennial Puzzle":4,"HornCleat":4,"Matryoshka":15,"PureWater":0,"Toy Ornithopter":20},{"Lantern":1,"NeowsBlessing":0,"Singing Bowl":14,"Happy Flower":66,"Nilry\u0027s Codex":38,"SacredBark":30,"Pen Nib":38,"Bag of Preparation":38,"Whetstone":61,"War Paint":102,"Empty Cage":51,"Mercury Hourglass":67,"Blood Vial":61,"Centennial Puzzle":10,"HornCleat":10,"Matryoshka":46,"PureWater":0,"Toy Ornithopter":60}],"Toy Ornithopter":0},"card_choices":[{"not_picked":["MentalFortress","Consecrate"],"picked":"TalkToTheHand","floor":1},{"not_picked":["FlyingSleeves","ClearTheMind"],"picked":"CutThroughFate","floor":3},{"not_picked":["FlyingSleeves","LikeWater"],"picked":"Blasphemy","floor":4},{"not_picked":["FollowUp","Meditate"],"picked":"CrushJoints","floor":7},{"not_picked":["Halt","SashWhip","DevaForm"],"picked":"Singing Bowl","floor":10},{"not_picked":["JustLucky","Halt","Evaluate"],"picked":"Singing Bowl","floor":11},{"not_picked":["Worship","JustLucky","SashWhip"],"picked":"Singing Bowl","floor":14},{"not_picked":["Omniscience","Brilliance"],"picked":"Ragnarok","floor":16},{"not_picked":["EmptyBody","CutThroughFate","Fasting2"],"picked":"Singing Bowl","floor":18},{"not_picked":["Vengeance","ForeignInfluence"],"picked":"SashWhip+1","floor":19},{"not_picked":["EmptyFist","CrushJoints"],"picked":"BowlingBash+1","floor":22},{"not_picked":["FollowUp","CarveReality"],"picked":"Swivel+1","floor":24},{"not_picked":["PathToVictory","Devotion","BowlingBash"],"picked":"Singing Bowl","floor":28},{"not_picked":["Nirvana+1","Evaluate","PathToVictory"],"picked":"Singing Bowl","floor":30},{"not_picked":["ClearTheMind","Consecrate"],"picked":"Adaptation","floor":31},{"not_picked":["ConjureBlade","Ragnarok","MasterReality"],"picked":"Singing Bowl","floor":33},{"not_picked":["FlyingSleeves","EmptyBody"],"picked":"MentalFortress+1","floor":35},{"not_picked":["CrushJoints+1","DeceiveReality","ThirdEye"],"picked":"Singing Bowl","floor":36},{"not_picked":["BattleHymn","CrushJoints","FlyingSleeves"],"picked":"Singing Bowl","floor":38},{"not_picked":["CutThroughFate+1","SashWhip","Perseverance"],"picked":"Singing Bowl","floor":40},{"not_picked":["Sanctity","Evaluate+1"],"picked":"ClearTheMind+1","floor":41},{"not_picked":["Study","ClearTheMind+1","ThirdEye"],"picked":"Singing Bowl","floor":45},{"not_picked":["WreathOfFlame","PathToVictory+1","Evaluate"],"picked":"Singing Bowl","floor":47},{"not_picked":["Evaluate+1","FlurryOfBlows"],"picked":"Omniscience","floor":48},{"not_picked":["SashWhip","SandsOfTime+1","FollowUp"],"picked":"Singing Bowl","floor":55}],"player_experience":6080788,"relics_obtained":[{"floor":7,"key":"HornCleat"},{"floor":9,"key":"Centennial Puzzle"},{"floor":10,"key":"Singing Bowl"},{"floor":24,"key":"Pen Nib"},{"floor":27,"key":"Nilry\u0027s Codex"},{"floor":31,"key":"Matryoshka"},{"floor":40,"key":"Toy Ornithopter"},{"floor":43,"key":"Blood Vial"},{"floor":43,"key":"Whetstone"},{"floor":45,"key":"Happy Flower"},{"floor":47,"key":"Mercury Hourglass"},{"floor":55,"key":"War Paint"}],"event_choices":[{"damage_healed":0,"gold_gain":0,"player_choice":"Gave Potion","damage_taken":0,"relics_obtained":["Lantern"],"max_hp_gain":0,"max_hp_loss":0,"event_name":"WeMeetAgain","floor":2,"gold_loss":0},{"cards_removed":["Defend_P"],"damage_healed":0,"gold_gain":0,"player_choice":"Card Removal","damage_taken":7,"max_hp_gain":0,"max_hp_loss":0,"event_name":"Golden Wing","floor":5,"gold_loss":0},{"cards_removed":["Strike_P"],"damage_healed":0,"gold_gain":0,"player_choice":"Elegance","damage_taken":0,"max_hp_gain":0,"max_hp_loss":0,"event_name":"Back to Basics","floor":21,"gold_loss":0},{"damage_healed":0,"gold_gain":0,"player_choice":"Obtained Book","damage_taken":21,"max_hp_gain":0,"max_hp_loss":0,"event_name":"Cursed Tome","floor":27,"gold_loss":0},{"damage_healed":0,"gold_gain":0,"player_choice":"Got Potions","damage_taken":0,"max_hp_gain":0,"max_hp_loss":0,"event_name":"Lab","floor":29,"gold_loss":0}],"is_beta":false,"boss_relics":[{"not_picked":["Runic Dome","Sozu"],"picked":"SacredBark"},{"not_picked":["Philosopher\u0027s Stone","Tiny House"],"picked":"Empty Cage"}],"items_purged_floors":[13,20],"is_endless":false,"potions_floor_spawned":[1,3,18,22,24,28,35,45,48],"killed_by":"The Heart","ascension_level":20}