{"gold_per_floor":[213,224,242,252,252,252,272,272,272,84,84,114,114],"floor_reached":13,"playtime":1074,"items_purged":["Defend_P"],"score":170,"play_id":"25f087d3-22e2-4811-a8d8-9cbd090f398c","local_time":"20220201123748","is_ascension_mode":true,"campfire_choices":[{"data":"Consecrate","floor":6,"key":"SMITH"},{"data":"Eruption","floor":8,"key":"SMITH"},{"data":"Defend_P","floor":11,"key":"PURGE"}],"neow_cost":"NONE","seed_source_timestamp":1163124263356700,"circlet_count":0,"master_deck":["AscendersBane","Strike_P","Strike_P","Strike_P","Strike_P","Defend_P","Defend_P","Eruption+1","Vigilance","Pray","EmptyFist","Consecrate+1","EmptyMind","Prostrate","CutThroughFate","CutThroughFate"],"relics":["PureWater","Peace Pipe","Eternal Feather","Yang"],"potions_floor_usage":[12,12],"damage_taken":[{"damage":0,"enemies":"2 Louse","floor":1,"turns":2},{"damage":9,"enemies":"Small Slimes","floor":2,"turns":3},{"damage":11,"enemies":"Jaw Worm","floor":3,"turns":6},{"damage":3,"enemies":"Looter","floor":4,"turns":2},{"damage":17,"enemies":"3 Louse","floor":7,"turns":3},{"damage":24,"enemies":"Gremlin Nob","floor":12,"turns":4},{"damage":5,"enemies":"Exordium Wildlife","floor":13,"turns":1}],"seed_played":"6442367340249999034","potions_obtained":[{"floor":1,"key":"BottledMiracle"},{"floor":12,"key":"LiquidBronze"}],"is_trial":false,"path_per_floor":["M","M","M","M","?","R","M","R","T","$","R","E","M"],"character_chosen":"WATCHER","items_purchased":["CutThroughFate","Block Potion"],"campfire_rested":0,"item_purchase_floors":[10,10],"current_hp_per_floor":[61,52,41,38,33,33,16,16,16,16,25,1,0],"gold":114,"neow_bonus":"HUNDRED_GOLD","is_prod":false,"is_daily":false,"chose_seed":false,"campfire_upgraded":2,"win_rate":0,"timestamp":1643737068,"path_taken":["M","M","M","M","?","R","M","R","T","$","R","E","M"],"build_version":"2020-12-22","purchased_purges":1,"victory":false,"max_hp_per_floor":[68,68,68,68,68,68,68,68,68,68,68,68,68],"relic_stats":{"Peace Pipe":1,"counters":[7,21],"Eternal Feather":9,"Yang":[1],"PureWater":[4],"obtain_stats":[{"Peace Pipe":5,"Eternal Feather":9,"Yang":12,"PureWater":0},{"Peace Pipe":4,"Eternal Feather":5,"Yang":6,"PureWater":0},{"Peace Pipe":13,"Eternal Feather":16,"Yang":20,"PureWater":0}]},"card_choices":[{"not_picked":["Halt","Evaluate"],"picked":"Pray","floor":1},{"not_picked":["FlurryOfBlows","Crescendo"],"picked":"EmptyFist","floor":2},{"not_picked":["Halt","Evaluate"],"picked":"Consecrate","floor":3},{"not_picked":["JustLucky","DevaForm"],"picked":"EmptyMind","floor":4},{"not_picked":["CrushJoints","ClearTheMind"],"picked":"Prostrate","floor":7},{"not_picked":["BowlingBash","ClearTheMind"],"picked":"CutThroughFate","floor":12}],"player_experience":6079714,"relics_obtained":[{"floor":9,"key":"Eternal Feather"},{"floor":12,"key":"Yang"}],"event_choices":[{"damage_healed":0,"gold_gain":0,"player_choice":"Success","damage_taken":5,"relics_obtained":["Peace Pipe"],"max_hp_gain":0,"max_hp_loss":0,"event_name":"Scrap Ooze","floor":5,"gold_loss":0}],"is_beta":false,"boss_relics":[],"items_purged_floors":[10],"is_endless":false,"potions_floor_spawned":[1,12],"killed_by":"Exordium Wildlife","ascension_level":20}