{"gold_per_floor":[217,235,246,34,51,76,76,51,51,86,86,98,112,137,137,211,211,227,82,82,92,92,92,118,118,118,153,153,163,263,283,283,357,357,376,376,90,110,135,135,135,135,206,226,226,256,256,290,290,290,290,290,290,7,34,34],"floor_reached":57,"playtime":3781,"items_purged":["Defend_P","Defend_P","Strike_P"],"score":3036,"play_id":"33b948a0-9282-4130-bbf6-c9458510ab4e","local_time":"20220127155218","is_ascension_mode":true,"campfire_choices":[{"data":"Devotion","floor":7,"key":"SMITH"},{"data":"CrushJoints","floor":11,"key":"SMITH"},{"data":"Worship","floor":15,"key":"SMITH"},{"data":"Meditate","floor":23,"key":"SMITH"},{"data":"Ragnarok","floor":25,"key":"SMITH"},{"data":"Strike_P","floor":32,"key":"PURGE"},{"floor":40,"key":"RECALL"},{"data":"Defend_P","floor":42,"key":"PURGE"},{"data":"TalkToTheHand","floor":45,"key":"SMITH"},{"data":"Strike_P","floor":49,"key":"PURGE"},{"data":"MentalFortress","floor":53,"key":"SMITH"}],"neow_cost":"NONE","seed_source_timestamp":740074866942300,"circlet_count":0,"master_deck":["AscendersBane","Strike_P","Defend_P","Eruption","Vigilance","BowlingBash","FlurryOfBlows","EmptyFist","Devotion+1","CrushJoints+1","Worship+1","ThirdEye","Prostrate","Ragnarok+1","SandsOfTime","Vault+1","Meditate+1","WheelKick","Prostrate+1","J.A.X.+1","CutThroughFate+1","Prostrate+1","MentalFortress+1","TalkToTheHand+1","Vault","Discovery","Finesse","Finesse","Wallop","Protect+1"],"relics":["PureWater","Oddly Smooth Stone","Centennial Puzzle","Mummified Hand","MealTicket","SlaversCollar","Ornamental Fan","Peace Pipe","Turnip","Eternal Feather","FossilizedHelix","SacredBark","Damaru","Calipers","Sundial","Unceasing Top","ClockworkSouvenir","TeardropLocket"],"potions_floor_usage":[6,10,12,16,16,21,24,27,33,33,41,51,55,56,56],"damage_taken":[{"damage":12,"enemies":"Small Slimes","floor":1,"turns":6},{"damage":0,"enemies":"Cultist","floor":2,"turns":3},{"damage":0,"enemies":"2 Louse","floor":3,"turns":2},{"damage":0,"enemies":"Blue Slaver","floor":5,"turns":2},{"damage":25,"enemies":"Lagavulin","floor":6,"turns":7},{"damage":10,"enemies":"3 Sentries","floor":10,"turns":6},{"damage":0,"enemies":"3 Louse","floor":12,"turns":2},{"damage":8,"enemies":"Lots of Slimes","floor":13,"turns":3},{"damage":6,"enemies":"Gremlin Nob","floor":14,"turns":3},{"damage":7,"enemies":"Hexaghost","floor":16,"turns":4},{"damage":0,"enemies":"Spheric Guardian","floor":18,"turns":2},{"damage":0,"enemies":"3 Byrds","floor":21,"turns":4},{"damage":6,"enemies":"Book of Stabbing","floor":24,"turns":4},{"damage":15,"enemies":"Slavers","floor":27,"turns":2},{"damage":3,"enemies":"3 Cultists","floor":29,"turns":4},{"damage":16,"enemies":"Colosseum Slavers","floor":30,"turns":2},{"damage":23,"enemies":"Colosseum Nobs","floor":30,"turns":4},{"damage":9,"enemies":"Centurion and Healer","floor":31,"turns":3},{"damage":6,"enemies":"Collector","floor":33,"turns":5},{"damage":1,"enemies":"Orb Walker","floor":35,"turns":3},{"damage":2,"enemies":"3 Shapes","floor":38,"turns":4},{"damage":0,"enemies":"Mind Bloom Boss Battle","floor":39,"turns":3},{"damage":2,"enemies":"Writhing Mass","floor":41,"turns":3},{"damage":13,"enemies":"Maw","floor":44,"turns":4},{"damage":0,"enemies":"Nemesis","floor":46,"turns":6},{"damage":0,"enemies":"Giant Head","floor":48,"turns":4},{"damage":3,"enemies":"Donu and Deca","floor":50,"turns":5},{"damage":6,"enemies":"Time Eater","floor":51,"turns":6},{"damage":0,"enemies":"Shield and Spear","floor":55,"turns":3},{"damage":0,"enemies":"The Heart","floor":56,"turns":7}],"seed_played":"4669478000960221517","potions_obtained":[{"floor":2,"key":"Fruit Juice"},{"floor":6,"key":"LiquidBronze"},{"floor":10,"key":"Fire Potion"},{"floor":13,"key":"BlessingOfTheForge"},{"floor":14,"key":"Fruit Juice"},{"floor":16,"key":"EssenceOfSteel"},{"floor":18,"key":"LiquidMemories"},{"floor":21,"key":"GamblersBrew"},{"floor":30,"key":"Dexterity Potion"},{"floor":31,"key":"BottledMiracle"},{"floor":39,"key":"SmokeBomb"},{"floor":46,"key":"Dexterity Potion"},{"floor":48,"key":"Explosive Potion"},{"floor":55,"key":"SkillPotion"}],"is_trial":false,"path_per_floor":["M","M","M","$","M","E","R","$","T","E","R","M","M","E","R","B",null,"M","$","?","M","$","R","E","R","T","E","?","M","?","M","R","B",null,"M","?","$","M","?","R","M","R","T","M","R","E","?","E","R","B","B",null,"R","$","E","B",null],"character_chosen":"WATCHER","items_purchased":["Devotion","Fire Potion","ThirdEye","Meditate","Damaru","Wallop","LiquidMemories","ClockworkSouvenir"],"campfire_rested":0,"item_purchase_floors":[4,4,8,19,37,54,54,54],"current_hp_per_floor":[49,49,49,49,49,24,24,24,24,19,19,19,11,5,5,3,59,59,74,74,74,78,78,72,72,72,57,57,54,15,6,21,15,62,61,61,76,74,74,78,76,78,78,65,78,78,68,68,78,75,69,76,78,78,78,78],"gold":34,"neow_bonus":"HUNDRED_GOLD","is_prod":false,"is_daily":false,"chose_seed":false,"campfire_upgraded":7,"win_rate":0,"timestamp":1643316738,"path_taken":["M","M","M","$","M","E","R","$","T","E","R","M","M","E","R","BOSS","M","$","?","?","?","R","E","R","T","E","?","M","?","M","R","BOSS","M","?","$","?","?","R","M","R","T","M","R","E","?","E","R","BOSS","BOSS","R","$","E","BOSS"],"build_version":"2020-12-22","purchased_purges":3,"victory":true,"max_hp_per_floor":[68,68,68,68,68,68,68,68,68,73,73,73,73,73,73,78,78,78,78,78,78,78,78,78,78,78,78,78,78,78,78,78,78,78,78,78,78,78,78,78,78,78,78,78,78,78,78,78,78,78,78,78,78,78,78,78],"relic_stats":{"Calipers":[502],"counters":[30,116],"Eternal Feather":46,"Peace Pipe":3,"Centennial Puzzle":[48],"Mummified Hand":[45],"Ornamental Fan":[120],"Sundial":[2],"MealTicket":34,"Turnip":[10],"PureWater":[21],"obtain_stats":[{"Calipers":39,"SacredBark":34,"Oddly Smooth Stone":6,"Damaru":37,"Eternal Feather":30,"TeardropLocket":55,"ClockworkSouvenir":54,"Peace Pipe":26,"SlaversCollar":17,"Centennial Puzzle":9,"Mummified Hand":10,"Ornamental Fan":24,"Sundial":46,"MealTicket":14,"Turnip":27,"PureWater":0,"FossilizedHelix":30,"Unceasing Top":48},{"Calipers":22,"SacredBark":19,"Oddly Smooth Stone":5,"Damaru":20,"Eternal Feather":17,"TeardropLocket":29,"ClockworkSouvenir":28,"Peace Pipe":13,"SlaversCollar":10,"Centennial Puzzle":5,"Mummified Hand":6,"Ornamental Fan":13,"Sundial":25,"MealTicket":9,"Turnip":14,"PureWater":0,"FossilizedHelix":17,"Unceasing Top":26},{"Calipers":78,"SacredBark":68,"Oddly Smooth Stone":20,"Damaru":71,"Eternal Feather":60,"TeardropLocket":109,"ClockworkSouvenir":106,"Peace Pipe":48,"SlaversCollar":38,"Centennial Puzzle":20,"Mummified Hand":26,"Ornamental Fan":48,"Sundial":91,"MealTicket":34,"Turnip":50,"PureWater":0,"FossilizedHelix":60,"Unceasing Top":95}],"FossilizedHelix":[99],"Unceasing Top":[0]},"card_choices":[{"not_picked":["PathToVictory","Prostrate"],"picked":"BowlingBash","floor":1},{"not_picked":["PathToVictory","Weave"],"picked":"FlurryOfBlows","floor":2},{"not_picked":["Conclude","PathToVictory"],"picked":"EmptyFist","floor":3},{"not_picked":["EmptyBody","Collect"],"picked":"CrushJoints","floor":5},{"not_picked":["JustLucky","PathToVictory"],"picked":"Worship","floor":6},{"not_picked":["SpiritShield","Protect"],"picked":"Prostrate","floor":10},{"not_picked":["Consecrate","JustLucky","FollowUp"],"picked":"SKIP","floor":12},{"not_picked":["CrushJoints","Adaptation"],"picked":"Ragnarok","floor":13},{"not_picked":["DeusExMachina","Adaptation"],"picked":"SandsOfTime","floor":14},{"not_picked":["SpiritShield","Establishment"],"picked":"Vault","floor":16},{"not_picked":["Crescendo","EmptyFist","LikeWater"],"picked":"SKIP","floor":18},{"not_picked":["Prostrate","ThirdEye","EmptyBody+1"],"picked":"SKIP","floor":21},{"not_picked":["Consecrate","Judgement"],"picked":"WheelKick","floor":24},{"not_picked":["CutThroughFate","EmptyBody"],"picked":"Prostrate+1","floor":27},{"not_picked":["Halt","FlyingSleeves"],"picked":"CutThroughFate+1","floor":29},{"not_picked":["FollowUp","PathToVictory","DeceiveReality"],"picked":"SKIP","floor":31},{"not_picked":["ThirdEye","Crescendo","JustLucky"],"picked":"SKIP","floor":35},{"not_picked":["Halt+1","EmptyFist"],"picked":"Prostrate+1","floor":38},{"not_picked":["Consecrate","CarveReality"],"picked":"MentalFortress","floor":39},{"not_picked":["FlurryOfBlows+1","ClearTheMind"],"picked":"TalkToTheHand","floor":44},{"not_picked":["WaveOfTheHand","SignatureMove+1"],"picked":"Vault","floor":46},{"not_picked":["Enlightenment","Good Instincts"],"picked":"Discovery","floor":47},{"not_picked":["PanicButton","Magnetism"],"picked":"Finesse","floor":47},{"not_picked":["Deep Breath","Dramatic Entrance"],"picked":"Finesse","floor":47},{"not_picked":["FlyingSleeves+1","Halt","PathToVictory+1"],"picked":"SKIP","floor":48},{"not_picked":["Conclude","FlyingSleeves"],"picked":"Protect+1","floor":55}],"player_experience":6058250,"relics_obtained":[{"floor":6,"key":"Oddly Smooth Stone"},{"floor":9,"key":"Centennial Puzzle"},{"floor":10,"key":"Mummified Hand"},{"floor":14,"key":"MealTicket"},{"floor":24,"key":"Ornamental Fan"},{"floor":26,"key":"Peace Pipe"},{"floor":27,"key":"Turnip"},{"floor":30,"key":"Eternal Feather"},{"floor":30,"key":"FossilizedHelix"},{"floor":39,"key":"Calipers"},{"floor":46,"key":"Sundial"},{"floor":48,"key":"Unceasing Top"},{"floor":55,"key":"TeardropLocket"}],"event_choices":[{"damage_healed":0,"gold_gain":0,"player_choice":"Forge","damage_taken":0,"max_hp_gain":0,"max_hp_loss":0,"event_name":"Accursed Blacksmith","floor":20,"gold_loss":0,"cards_upgraded":["Vault"]},{"damage_healed":0,"gold_gain":0,"player_choice":"Obtain J.A.X.","damage_taken":0,"max_hp_gain":0,"max_hp_loss":0,"event_name":"Drug Dealer","floor":28,"gold_loss":0,"cards_obtained":["J.A.X."]},{"damage_healed":0,"gold_gain":0,"player_choice":"Fight","damage_taken":0,"max_hp_gain":0,"max_hp_loss":0,"event_name":"Colosseum","floor":30,"gold_loss":0},{"damage_healed":0,"gold_gain":0,"player_choice":"Fought Nobs","damage_taken":0,"max_hp_gain":0,"max_hp_loss":0,"event_name":"Colosseum","floor":30,"gold_loss":0},{"damage_healed":0,"gold_gain":0,"player_choice":"Upgraded","damage_taken":0,"max_hp_gain":0,"max_hp_loss":0,"event_name":"Upgrade Shrine","floor":36,"gold_loss":0,"cards_upgraded":["J.A.X."]},{"damage_healed":0,"gold_gain":0,"player_choice":"Fight","damage_taken":0,"max_hp_gain":0,"max_hp_loss":0,"event_name":"MindBloom","floor":39,"gold_loss":0},{"damage_healed":0,"gold_gain":0,"player_choice":"Memory 3","damage_taken":10,"max_hp_gain":0,"max_hp_loss":0,"event_name":"SensoryStone","floor":47,"gold_loss":0}],"is_beta":false,"boss_relics":[{"not_picked":["Empty Cage","Busted Crown"],"picked":"SlaversCollar"},{"not_picked":["VioletLotus","Philosopher\u0027s Stone"],"picked":"SacredBark"}],"items_purged_floors":[4,19,37],"is_endless":false,"potions_floor_spawned":[2,6,10,13,14,16,18,21,30,30,31,39,41,46,48,55],"ascension_level":20}