{"gold_per_floor":[116,133,148,148,167,208,224,257,309,352,375,375,419,443,443,539,539,554,577,592,592,592,623,548,548,596,639,37,37,76,94,94,187,187,205,218,218,9,25,63,81,124,149,185,209,252,252,283,283,283,283,283,283,33,72,72],"floor_reached":57,"playtime":5467,"items_purged":["Strike_P","Defend_P","Strike_P+1"],"score":3720,"play_id":"52861dc4-fe57-4ec6-9e6e-f93e49ecf6fa","local_time":"20220201155210","is_ascension_mode":true,"campfire_choices":[{"floor":12,"key":"REST"},{"floor":15,"key":"RECALL"},{"floor":25,"key":"REST"},{"floor":32,"key":"REST"},{"floor":49,"key":"REST"},{"floor":53,"key":"REST"}],"neow_cost":"NONE","seed_source_timestamp":1170370144235500,"circlet_count":0,"master_deck":["AscendersBane","Defend_P+1","Defend_P+1","Eruption","Vigilance+1","Fasting2+1","Wallop+1","FollowUp+1","BowlingBash+1","LessonLearned+1","Crescendo+1","Sanctity+1","ThirdEye+1","JustLucky+1","LessonLearned+1","Scrawl+1","Adaptation+1","DeceiveReality+1","FearNoEvil+1","CutThroughFate+1","Halt+1","ThirdEye+1","Omniscience+1","Hologram+1","Consecrate+1","Doppelganger+1","Anger+1","Halt+1","Purity+1","Secret Technique","WaveOfTheHand+1","Finesse+1","Sword Boomerang+1","Body Slam+1","Flechettes+1","Wireheading+1","Malaise+1","Good Instincts","Meditate+1","Hologram"],"relics":["Fusion Hammer","Golden Idol","Juzu Bracelet","Art of War","Lantern","Pantograph","Omamori","Bag of Preparation","Cursed Key","Unceasing Top","Lizard Tail","Pocketwatch","PrismaticShard","Oddly Smooth Stone","Runic Pyramid","Orichalcum","Question Card","Toy Ornithopter","Du-Vu Doll","Akabeko","Bird Faced Urn","Chemical X","FossilizedHelix"],"potions_floor_usage":[6,8,20,56,56],"damage_taken":[{"damage":1,"enemies":"2 Louse","floor":1,"turns":2},{"damage":1,"enemies":"Jaw Worm","floor":2,"turns":6},{"damage":0,"enemies":"Cultist","floor":3,"turns":3},{"damage":0,"enemies":"Large Slime","floor":5,"turns":5},{"damage":1,"enemies":"Lagavulin","floor":6,"turns":7},{"damage":4,"enemies":"3 Louse","floor":7,"turns":5},{"damage":0,"enemies":"3 Sentries","floor":8,"turns":4},{"damage":32,"enemies":"Lagavulin","floor":10,"turns":6},{"damage":2,"enemies":"3 Sentries","floor":13,"turns":4},{"damage":0,"enemies":"Lots of Slimes","floor":14,"turns":3},{"damage":1,"enemies":"The Guardian","floor":16,"turns":11},{"damage":0,"enemies":"2 Thieves","floor":18,"turns":3},{"damage":0,"enemies":"Shell Parasite","floor":19,"turns":1},{"damage":0,"enemies":"Snake Plant","floor":20,"turns":4},{"damage":0,"enemies":"Book of Stabbing","floor":23,"turns":3},{"damage":0,"enemies":"Slavers","floor":27,"turns":4},{"damage":0,"enemies":"Book of Stabbing","floor":30,"turns":3},{"damage":0,"enemies":"Sentry and Sphere","floor":31,"turns":3},{"damage":0,"enemies":"Champ","floor":33,"turns":9},{"damage":0,"enemies":"Orb Walker","floor":35,"turns":2},{"damage":0,"enemies":"3 Darklings","floor":36,"turns":3},{"damage":0,"enemies":"Sphere and 2 Shapes","floor":39,"turns":3},{"damage":0,"enemies":"Giant Head","floor":40,"turns":4},{"damage":0,"enemies":"Writhing Mass","floor":41,"turns":3},{"damage":0,"enemies":"Nemesis","floor":42,"turns":5},{"damage":0,"enemies":"Reptomancer","floor":44,"turns":3},{"damage":0,"enemies":"Spire Growth","floor":45,"turns":4},{"damage":0,"enemies":"Giant Head","floor":46,"turns":4},{"damage":0,"enemies":"Mind Bloom Boss Battle","floor":48,"turns":3},{"damage":0,"enemies":"Donu and Deca","floor":50,"turns":6},{"damage":2,"enemies":"Awakened One","floor":51,"turns":17},{"damage":4,"enemies":"Shield and Spear","floor":55,"turns":6},{"damage":0,"enemies":"The Heart","floor":56,"turns":8}],"seed_played":"6247428277903879584","potions_obtained":[{"floor":1,"key":"Energy Potion"},{"floor":5,"key":"Swift Potion"},{"floor":6,"key":"Ancient Potion"},{"floor":8,"key":"Regen Potion"},{"floor":13,"key":"GamblersBrew"},{"floor":19,"key":"Block Potion"},{"floor":27,"key":"DuplicationPotion"}],"is_trial":false,"path_per_floor":["M","M","M","?","M","E","M","E","T","E","T","R","E","M","R","B",null,"M","M","M","?","?","E","$","R","T","E","$","?","E","M","R","B",null,"M","M","?","$","M","E","M","E","T","E","M","E","?","?","R","B","B",null,"R","$","E","B",null],"character_chosen":"WATCHER","items_purchased":["Pocketwatch","PrismaticShard","WaveOfTheHand","Chemical X","Meditate"],"campfire_rested":5,"item_purchase_floors":[28,28,38,54,54],"current_hp_per_floor":[60,59,59,59,59,58,54,54,54,22,22,40,38,38,38,61,62,62,62,62,62,62,62,62,62,62,62,62,62,62,62,62,62,62,62,62,52,52,52,52,52,52,52,52,52,52,52,62,62,62,62,62,62,62,62,62],"gold":72,"neow_bonus":"BOSS_RELIC","is_prod":false,"is_daily":false,"chose_seed":false,"campfire_upgraded":0,"win_rate":0,"timestamp":1643748730,"path_taken":["M","M","M","?","M","E","M","E","T","E","?","R","E","M","R","BOSS","M","M","M","?","?","E","$","R","T","E","$","?","E","M","R","BOSS","M","M","?","$","M","E","M","E","T","E","M","E","?","?","R","BOSS","BOSS","R","$","E","BOSS"],"build_version":"2020-12-22","purchased_purges":3,"victory":true,"max_hp_per_floor":[68,68,68,62,62,62,62,62,62,62,62,62,62,62,62,62,62,62,62,62,62,62,62,62,62,62,62,62,62,62,62,62,62,62,62,62,62,62,62,62,62,62,62,62,62,62,62,62,62,62,62,62,62,62,62,62],"relic_stats":{"counters":[33,157],"Golden Idol":242,"Juzu Bracelet":1,"Omamori":2,"Bag of Preparation":[48],"Orichalcum":[12],"Cursed Key":2,"Question Card":5,"Lizard Tail":0,"Pantograph":34,"Bird Faced Urn":[6],"Art of War":[24],"Chemical X":[5],"obtain_stats":[{"Lantern":9,"Golden Idol":4,"Oddly Smooth Stone":30,"Juzu Bracelet":6,"Omamori":11,"Bag of Preparation":13,"Orichalcum":40,"Cursed Key":17,"PrismaticShard":28,"Question Card":42,"Akabeko":46,"Du-Vu Doll":44,"Lizard Tail":27,"Pantograph":10,"Bird Faced Urn":48,"Fusion Hammer":0,"Art of War":8,"Chemical X":54,"PureWater":0,"Unceasing Top":23,"Toy Ornithopter":43,"FossilizedHelix":55,"Pocketwatch":28,"Runic Pyramid":34},{"Lantern":7,"Golden Idol":3,"Oddly Smooth Stone":17,"Juzu Bracelet":5,"Omamori":8,"Bag of Preparation":9,"Orichalcum":23,"Cursed Key":11,"PrismaticShard":16,"Question Card":25,"Akabeko":28,"Du-Vu Doll":26,"Lizard Tail":16,"Pantograph":8,"Bird Faced Urn":29,"Fusion Hammer":0,"Art of War":7,"Chemical X":31,"PureWater":0,"Unceasing Top":15,"Toy Ornithopter":25,"FossilizedHelix":32,"Pocketwatch":16,"Runic Pyramid":19},{"Lantern":32,"Golden Idol":11,"Oddly Smooth Stone":74,"Juzu Bracelet":23,"Omamori":38,"Bag of Preparation":42,"Orichalcum":98,"Cursed Key":56,"PrismaticShard":71,"Question Card":106,"Akabeko":117,"Du-Vu Doll":109,"Lizard Tail":71,"Pantograph":38,"Bird Faced Urn":120,"Fusion Hammer":0,"Art of War":32,"Chemical X":143,"PureWater":0,"Unceasing Top":67,"Toy Ornithopter":106,"FossilizedHelix":149,"Pocketwatch":71,"Runic Pyramid":86}],"Unceasing Top":[2],"Toy Ornithopter":0,"FossilizedHelix":[30],"Pocketwatch":[9]},"card_choices":[{"not_picked":["JustLucky","Crescendo"],"picked":"Fasting2","floor":1},{"not_picked":["EmptyFist","Evaluate"],"picked":"Wallop","floor":2},{"not_picked":["Crescendo","TalkToTheHand"],"picked":"FollowUp","floor":3},{"not_picked":["Crescendo","WindmillStrike"],"picked":"BowlingBash","floor":5},{"not_picked":["Adaptation","SpiritShield"],"picked":"LessonLearned","floor":6},{"not_picked":["Pray","Nirvana"],"picked":"Crescendo","floor":7},{"not_picked":["CarveReality","Prostrate"],"picked":"Sanctity","floor":8},{"not_picked":["CrushJoints","Halt"],"picked":"ThirdEye","floor":10},{"not_picked":["PathToVictory","CutThroughFate"],"picked":"JustLucky","floor":13},{"not_picked":["CutThroughFate","EmptyFist"],"picked":"LessonLearned","floor":14},{"not_picked":["SpiritShield","DeusExMachina"],"picked":"Scrawl","floor":16},{"not_picked":["Halt","SashWhip+1"],"picked":"Adaptation+1","floor":18},{"not_picked":["EmptyFist","Consecrate"],"picked":"DeceiveReality+1","floor":19},{"not_picked":["Prostrate","WheelKick"],"picked":"FearNoEvil","floor":20},{"not_picked":["Weave","PathToVictory"],"picked":"ThirdEye","floor":23},{"not_picked":["EmptyFist","FlurryOfBlows"],"picked":"Omniscience","floor":27},{"not_picked":["Blind+1","Clothesline"],"picked":"Hologram","floor":30},{"not_picked":["Swift Strike","SandsOfTime"],"picked":"Consecrate","floor":31},{"not_picked":["Envenom","Fission"],"picked":"Doppelganger","floor":33},{"not_picked":["Sucker Punch","Infinite Blades"],"picked":"Anger","floor":35},{"not_picked":["FollowUp+1","Swivel+1"],"picked":"Halt","floor":36},{"not_picked":["Sadistic Nature","Dramatic Entrance"],"picked":"Thinking Ahead","floor":37},{"not_picked":["Jack Of All Trades","Dramatic Entrance"],"picked":"Purity","floor":37},{"not_picked":["Mind Blast","Dark Shackles"],"picked":"Secret Technique","floor":37},{"not_picked":["Infernal Blade","Underhanded Strike"],"picked":"Finesse","floor":39},{"not_picked":["Halt+1","Compile Driver+1"],"picked":"Sword Boomerang+1","floor":40},{"not_picked":["Static Discharge","Intimidate"],"picked":"Body Slam","floor":41},{"not_picked":["Evaluate","Bludgeon","FollowUp+1"],"picked":"SKIP","floor":42},{"not_picked":["Twin Strike+1","Flex","Power Through"],"picked":"Flechettes+1","floor":44},{"not_picked":["Impatience+1","Flying Knee","Warcry+1"],"picked":"Wireheading","floor":45},{"not_picked":["Bandage Up","FlyingSleeves","Good Instincts"],"picked":"Malaise","floor":46},{"not_picked":["Reckless Charge","Stack","Deadly Poison"],"picked":"Hologram","floor":55}],"player_experience":6086565,"relics_obtained":[{"floor":6,"key":"Juzu Bracelet"},{"floor":8,"key":"Art of War"},{"floor":9,"key":"Lantern"},{"floor":10,"key":"Pantograph"},{"floor":11,"key":"Omamori"},{"floor":13,"key":"Bag of Preparation"},{"floor":23,"key":"Unceasing Top"},{"floor":27,"key":"Lizard Tail"},{"floor":30,"key":"Oddly Smooth Stone"},{"floor":40,"key":"Orichalcum"},{"floor":42,"key":"Question Card"},{"floor":43,"key":"Toy Ornithopter"},{"floor":44,"key":"Du-Vu Doll"},{"floor":46,"key":"Akabeko"},{"floor":48,"key":"Bird Faced Urn"},{"floor":55,"key":"FossilizedHelix"}],"event_choices":[{"damage_healed":0,"gold_gain":0,"player_choice":"Lose Max HP","damage_taken":0,"relics_obtained":["Golden Idol"],"max_hp_gain":0,"max_hp_loss":6,"event_name":"Golden Idol","floor":4,"gold_loss":0},{"cards_removed":["Defend_P"],"damage_healed":0,"gold_gain":0,"player_choice":"Elegance","damage_taken":0,"max_hp_gain":0,"max_hp_loss":0,"event_name":"Back to Basics","floor":21,"gold_loss":0},{"damage_healed":0,"gold_gain":0,"cards_transformed":["Strike_P","Strike_P"],"player_choice":"Became Test Subject","damage_taken":0,"max_hp_gain":0,"max_hp_loss":0,"event_name":"Drug Dealer","floor":22,"gold_loss":0,"cards_obtained":["CutThroughFate","Halt"]},{"damage_healed":0,"gold_gain":0,"player_choice":"Ignored","damage_taken":0,"max_hp_gain":0,"max_hp_loss":0,"event_name":"Vampires","floor":29,"gold_loss":0},{"damage_healed":0,"gold_gain":0,"player_choice":"Memory 3","damage_taken":10,"max_hp_gain":0,"max_hp_loss":0,"event_name":"SensoryStone","floor":37,"gold_loss":0},{"damage_healed":0,"gold_gain":0,"cards_transformed":["Thinking Ahead"],"player_choice":"Transformed","damage_taken":0,"max_hp_gain":0,"max_hp_loss":0,"event_name":"Transmorgrifier","floor":47,"gold_loss":0,"cards_obtained":["Good Instincts"]},{"damage_healed":0,"gold_gain":0,"player_choice":"Fight","damage_taken":0,"max_hp_gain":0,"max_hp_loss":0,"event_name":"MindBloom","floor":48,"gold_loss":0}],"is_beta":false,"boss_relics":[{"not_picked":["Philosopher\u0027s Stone","VioletLotus"],"picked":"Cursed Key"},{"not_picked":["SacredBark","Black Star"],"picked":"Runic Pyramid"}],"items_purged_floors":[24,28,38],"is_endless":false,"potions_floor_spawned":[1,5,6,8,13,19,27,40,41,45,46,48],"ascension_level":20}