{"gold_per_floor":[116,135,147,46,64,64,89,89,89,89,146,172,172,204,204,276,276,287,287,287,187,187,19,19,52,120,120,149,169,169],"floor_reached":30,"playtime":2864,"items_purged":["Defend_P","Conclude"],"score":764,"play_id":"579987cb-b567-4b45-869d-44cec423056f","local_time":"20220212173426","is_ascension_mode":true,"campfire_choices":[{"data":"Conclude","floor":6,"key":"SMITH"},{"data":"Eruption","floor":8,"key":"SMITH"},{"floor":10,"key":"REST"},{"data":"Wallop","floor":15,"key":"SMITH"},{"data":"Meditate","floor":24,"key":"SMITH"},{"data":"SpiritShield","floor":27,"key":"SMITH"}],"neow_cost":"NONE","seed_source_timestamp":111749019303900,"circlet_count":0,"master_deck":["AscendersBane","Eruption+1","Vigilance","Conclude+1","ReachHeaven","JustLucky","Vengeance","FearNoEvil","Wallop+1","JustLucky","SpiritShield+1","BattleHymn","FlurryOfBlows","DeusExMachina","Meditate+1","JustLucky","ClearTheMind","Tantrum+1","Writhe","CutThroughFate","Decay","Halt+1","Beam Cell+1","Evaluate"],"relics":["SlaversCollar","Pen Nib","Yang","Pocketwatch","Du-Vu Doll","Kunai","Mummified Hand","Pandora\u0027s Box","Peace Pipe","PrismaticShard","Ice Cream","Smiling Mask"],"potions_floor_usage":[7,7,7,12,25,25,28,30],"damage_taken":[{"damage":10,"enemies":"Small Slimes","floor":1,"turns":6},{"damage":7,"enemies":"Jaw Worm","floor":2,"turns":4},{"damage":4,"enemies":"2 Louse","floor":3,"turns":2},{"damage":6,"enemies":"Blue Slaver","floor":5,"turns":3},{"damage":12,"enemies":"Gremlin Nob","floor":7,"turns":3},{"damage":0,"enemies":"3 Sentries","floor":11,"turns":3},{"damage":0,"enemies":"3 Sentries","floor":12,"turns":2},{"damage":0,"enemies":"Gremlin Nob","floor":14,"turns":2},{"damage":0,"enemies":"Slime Boss","floor":16,"turns":3},{"damage":0,"enemies":"3 Byrds","floor":18,"turns":3},{"damage":16,"enemies":"Slavers","floor":25,"turns":3},{"damage":11,"enemies":"Book of Stabbing","floor":28,"turns":2},{"damage":18,"enemies":"Shell Parasite","floor":29,"turns":2},{"damage":12,"enemies":"Slavers","floor":30,"turns":1}],"seed_played":"-1734903631034008451","potions_obtained":[{"floor":1,"key":"Swift Potion"},{"floor":5,"key":"EntropicBrew"},{"floor":11,"key":"AttackPotion"},{"floor":12,"key":"Weak Potion"},{"floor":14,"key":"EntropicBrew"},{"floor":25,"key":"SteroidPotion"}],"is_trial":false,"path_per_floor":["M","M","M","$","M","R","E","R","T","R","?","E","?","E","R","B",null,"M","?","?","$","?","$","R","E","T","R","E","M","E"],"character_chosen":"WATCHER","items_purchased":["JustLucky","PrismaticShard"],"campfire_rested":1,"item_purchase_floors":[4,23],"current_hp_per_floor":[51,44,40,40,34,34,22,22,22,42,42,42,24,24,24,24,57,57,57,57,57,57,57,57,41,41,41,30,12,0],"gold":169,"neow_bonus":"BOSS_RELIC","is_prod":false,"is_daily":false,"chose_seed":false,"campfire_upgraded":5,"win_rate":0,"timestamp":1644705266,"path_taken":["M","M","M","$","M","R","E","R","T","R","?","E","?","E","R","BOSS","M","?","?","$","?","$","R","E","T","R","E","M","E"],"build_version":"2020-12-22","purchased_purges":2,"victory":false,"max_hp_per_floor":[68,68,68,68,68,68,68,68,68,68,68,68,68,68,68,68,68,68,68,68,68,68,68,68,68,68,68,68,68,68],"relic_stats":{"Peace Pipe":0,"Ice Cream":[6],"counters":[14,39],"Mummified Hand":[1],"Yang":[65],"Pandora\u0027s Box":["BattleHymn","FlurryOfBlows","DeusExMachina","Meditate","Conclude","JustLucky","ClearTheMind"],"Pen Nib":[6],"Kunai":[13],"Smiling Mask":0,"obtain_stats":[{"Ice Cream":25,"Yang":9,"Pen Nib":7,"PrismaticShard":23,"Smiling Mask":28,"Du-Vu Doll":12,"Peace Pipe":19,"SlaversCollar":0,"Mummified Hand":14,"Pandora\u0027s Box":17,"Kunai":13,"PureWater":0,"Pocketwatch":11},{"Ice Cream":11,"Yang":5,"Pen Nib":5,"PrismaticShard":10,"Smiling Mask":12,"Du-Vu Doll":7,"Peace Pipe":10,"SlaversCollar":0,"Mummified Hand":8,"Pandora\u0027s Box":9,"Kunai":7,"PureWater":0,"Pocketwatch":6},{"Ice Cream":34,"Yang":18,"Pen Nib":18,"PrismaticShard":31,"Smiling Mask":36,"Du-Vu Doll":23,"Peace Pipe":31,"SlaversCollar":0,"Mummified Hand":25,"Pandora\u0027s Box":28,"Kunai":23,"PureWater":0,"Pocketwatch":21}],"Pocketwatch":[20]},"card_choices":[{"not_picked":["Weave","Prostrate"],"picked":"Conclude","floor":1},{"not_picked":["Protect","Evaluate","Consecrate"],"picked":"SKIP","floor":2},{"not_picked":["BowlingBash","Protect"],"picked":"ReachHeaven","floor":3},{"not_picked":["CutThroughFate","PathToVictory"],"picked":"Vengeance","floor":5},{"not_picked":["FollowUp","Conclude","Alpha"],"picked":"SKIP","floor":7},{"not_picked":["TalkToTheHand","FlurryOfBlows"],"picked":"FearNoEvil","floor":11},{"not_picked":["PathToVictory","Brilliance"],"picked":"Wallop","floor":12},{"not_picked":["BowlingBash","ClearTheMind"],"picked":"JustLucky","floor":14},{"not_picked":["Wish","Ragnarok"],"picked":"SpiritShield","floor":16},{"not_picked":["EmptyBody","Pray"],"picked":"Tantrum+1","floor":18},{"not_picked":["SashWhip","FTL"],"picked":"Halt+1","floor":25},{"not_picked":["SashWhip","Double Energy"],"picked":"Beam Cell+1","floor":28},{"not_picked":["Stack","Deflect"],"picked":"Evaluate","floor":29}],"player_experience":6245533,"relics_obtained":[{"floor":7,"key":"Pen Nib"},{"floor":9,"key":"Yang"},{"floor":11,"key":"Pocketwatch"},{"floor":12,"key":"Du-Vu Doll"},{"floor":14,"key":"Mummified Hand"},{"floor":25,"key":"Ice Cream"},{"floor":28,"key":"Smiling Mask"}],"event_choices":[{"damage_healed":0,"gold_gain":30,"player_choice":"Searched \u00273\u0027 times","damage_taken":0,"max_hp_gain":0,"max_hp_loss":0,"event_name":"Dead Adventurer","floor":11,"gold_loss":0},{"damage_healed":0,"gold_gain":0,"player_choice":"Success","damage_taken":18,"relics_obtained":["Kunai"],"max_hp_gain":0,"max_hp_loss":0,"event_name":"Scrap Ooze","floor":13,"gold_loss":0},{"damage_healed":0,"gold_gain":0,"player_choice":"Opened","damage_taken":0,"relics_obtained":["Peace Pipe"],"max_hp_gain":0,"max_hp_loss":0,"event_name":"The Mausoleum","floor":19,"gold_loss":0,"cards_obtained":["Writhe"]},{"damage_healed":0,"gold_gain":0,"player_choice":"Read","damage_taken":0,"max_hp_gain":0,"max_hp_loss":0,"event_name":"The Library","floor":20,"gold_loss":0,"cards_obtained":["CutThroughFate"]},{"damage_healed":0,"gold_gain":0,"player_choice":"Smashed Altar","damage_taken":0,"max_hp_gain":0,"max_hp_loss":0,"event_name":"Forgotten Altar","floor":22,"gold_loss":0,"cards_obtained":["Decay"]}],"is_beta":false,"boss_relics":[{"not_picked":["Coffee Dripper","SacredBark"],"picked":"Pandora\u0027s Box"}],"items_purged_floors":[4,21],"is_endless":false,"potions_floor_spawned":[1,5,11,12,14,25],"killed_by":"Slavers","ascension_level":20}