{"gold_per_floor":[114,128,144,144,154,180,180,180,235,248,248,281,281,314,314,391,391,408,608,623,6,23,23,58,13,37,37,37,48,98,115,115,186,186,262,287,333,8,23,54,54,82,82,97,97,150,166,166,166,166,166,166,166,66,92,92],"floor_reached":57,"playtime":6281,"items_purged":["ConjureBlade","EmptyFist"],"score":3131,"play_id":"46dbe5a1-d961-469c-9309-571bb868ac69","local_time":"20220204164652","is_ascension_mode":true,"campfire_choices":[{"data":"Meditate","floor":7,"key":"SMITH"},{"floor":11,"key":"REST"},{"data":"Eruption","floor":15,"key":"SMITH"},{"floor":23,"key":"REST"},{"data":"Wallop","floor":27,"key":"SMITH"},{"data":"ThirdEye","floor":32,"key":"SMITH"},{"floor":41,"key":"RECALL"},{"data":"SpiritShield","floor":49,"key":"SMITH"},{"floor":53,"key":"DIG"}],"neow_cost":"NONE","seed_source_timestamp":1432042284142800,"circlet_count":0,"master_deck":["AscendersBane","Eruption+1","Vigilance","Meditate+1","ThirdEye+1","EmptyFist","FearNoEvil","CutThroughFate","CarveReality","ClearTheMind","Wallop","WheelKick","FlurryOfBlows","Wallop+1","WheelKick+1","Establishment+1","Adaptation+1","Crescendo","SpiritShield+1","Indignation","Adaptation+1","Scrawl","DeceiveReality","CutThroughFate","Wireheading+1"],"relics":["SlaversCollar","Darkstone Periapt","Lantern","Strawberry","Turnip","Pandora\u0027s Box","Toolbox","Du-Vu Doll","Frozen Egg 2","Centennial Puzzle","VioletLotus","GoldenEye","Bird Faced Urn","Bag of Preparation","DollysMirror","Blood Vial","Shovel","Kunai","Gremlin Horn","Anchor"],"potions_floor_usage":[5,6,10,14,16,35,37,56],"damage_taken":[{"damage":2,"enemies":"2 Louse","floor":1,"turns":3},{"damage":1,"enemies":"Small Slimes","floor":2,"turns":5},{"damage":0,"enemies":"Cultist","floor":3,"turns":3},{"damage":12,"enemies":"Red Slaver","floor":5,"turns":5},{"damage":8,"enemies":"Lagavulin","floor":6,"turns":4},{"damage":21,"enemies":"Large Slime","floor":10,"turns":6},{"damage":8,"enemies":"3 Sentries","floor":12,"turns":3},{"damage":16,"enemies":"Gremlin Nob","floor":14,"turns":3},{"damage":0,"enemies":"Slime Boss","floor":16,"turns":6},{"damage":19,"enemies":"3 Byrds","floor":18,"turns":4},{"damage":16,"enemies":"2 Thieves","floor":20,"turns":3},{"damage":0,"enemies":"3 Cultists","floor":22,"turns":2},{"damage":6,"enemies":"Gremlin Leader","floor":24,"turns":3},{"damage":12,"enemies":"Cultist and Chosen","floor":29,"turns":3},{"damage":6,"enemies":"Snecko","floor":31,"turns":3},{"damage":11,"enemies":"Automaton","floor":33,"turns":4},{"damage":5,"enemies":"3 Shapes","floor":35,"turns":8},{"damage":0,"enemies":"Mind Bloom Boss Battle","floor":36,"turns":3},{"damage":23,"enemies":"2 Orb Walkers","floor":37,"turns":2},{"damage":0,"enemies":"Orb Walker","floor":39,"turns":1},{"damage":0,"enemies":"Nemesis","floor":40,"turns":3},{"damage":0,"enemies":"Reptomancer","floor":42,"turns":3},{"damage":0,"enemies":"3 Darklings","floor":44,"turns":2},{"damage":0,"enemies":"Giant Head","floor":46,"turns":3},{"damage":7,"enemies":"Jaw Worm Horde","floor":47,"turns":3},{"damage":6,"enemies":"Time Eater","floor":50,"turns":6},{"damage":0,"enemies":"Donu and Deca","floor":51,"turns":4},{"damage":0,"enemies":"Shield and Spear","floor":55,"turns":3},{"damage":4,"enemies":"The Heart","floor":56,"turns":8}],"seed_played":"-8674839862504754363","potions_obtained":[{"floor":1,"key":"SpeedPotion"},{"floor":3,"key":"LiquidMemories"},{"floor":6,"key":"Ancient Potion"},{"floor":10,"key":"BlessingOfTheForge"},{"floor":14,"key":"CultistPotion"},{"floor":20,"key":"SpeedPotion"},{"floor":33,"key":"EssenceOfSteel"},{"floor":36,"key":"Explosive Potion"},{"floor":37,"key":"FearPotion"},{"floor":40,"key":"BlessingOfTheForge"},{"floor":42,"key":"LiquidMemories"},{"floor":47,"key":"Ambrosia"},{"floor":55,"key":"LiquidMemories"}],"is_trial":false,"path_per_floor":["M","M","M","?","M","E","R","?","T","M","R","E","?","E","R","B",null,"M","?","M","$","M","R","E","$","T","R","?","M","?","M","R","B",null,"M","?","?","$","M","E","R","E","T","M","$","E","M","?","R","B","B",null,"R","$","E","B",null],"character_chosen":"WATCHER","items_purchased":["Toolbox","Wallop","Du-Vu Doll","Adaptation+1","Bag of Preparation","DollysMirror"],"campfire_rested":2,"item_purchase_floors":[21,21,21,25,38,38],"current_hp_per_floor":[59,58,58,58,46,38,38,43,43,22,43,42,35,19,19,19,65,46,46,30,30,30,54,48,48,48,48,48,36,36,30,30,19,65,60,60,37,37,43,49,49,57,57,61,61,69,68,80,80,78,80,80,80,80,80,76],"gold":92,"neow_bonus":"BOSS_RELIC","is_prod":false,"is_daily":false,"chose_seed":false,"campfire_upgraded":5,"win_rate":0,"timestamp":1644011212,"path_taken":["M","M","M","?","M","E","R","?","T","M","R","E","?","E","R","BOSS","M","?","M","$","?","R","E","?","T","R","?","M","?","M","R","BOSS","M","?","?","$","M","E","R","E","T","M","?","E","M","?","R","BOSS","BOSS","R","$","E","BOSS"],"build_version":"2020-12-22","purchased_purges":2,"victory":true,"max_hp_per_floor":[68,68,68,68,68,68,68,73,73,73,73,80,80,80,80,80,80,80,80,80,80,80,80,80,80,80,80,80,80,80,80,80,80,80,80,80,80,80,80,80,80,80,80,80,80,80,80,80,80,80,80,80,80,80,80,80],"relic_stats":{"Darkstone Periapt":0,"Gremlin Horn":[1,1],"counters":[29,109],"Bag of Preparation":[20],"GoldenEye":[66],"Blood Vial":10,"Centennial Puzzle":[24],"Shovel":1,"Bird Faced Urn":[34],"Pandora\u0027s Box":["ConjureBlade","CutThroughFate","CarveReality","ClearTheMind","Wallop","WheelKick","EmptyFist"],"Turnip":[4],"VioletLotus":[48],"Kunai":[35],"obtain_stats":[{"Darkstone Periapt":6,"Lantern":9,"Gremlin Horn":53,"Bag of Preparation":38,"Frozen Egg 2":24,"GoldenEye":36,"Du-Vu Doll":21,"Blood Vial":40,"SlaversCollar":0,"Centennial Puzzle":26,"Anchor":55,"Shovel":42,"DollysMirror":38,"Strawberry":12,"Bird Faced Urn":37,"Toolbox":21,"Pandora\u0027s Box":17,"Turnip":14,"VioletLotus":34,"Kunai":46,"PureWater":0},{"Darkstone Periapt":5,"Lantern":5,"Gremlin Horn":27,"Bag of Preparation":19,"Frozen Egg 2":13,"GoldenEye":18,"Du-Vu Doll":11,"Blood Vial":21,"SlaversCollar":0,"Centennial Puzzle":13,"Anchor":28,"Shovel":22,"DollysMirror":19,"Strawberry":7,"Bird Faced Urn":19,"Toolbox":11,"Pandora\u0027s Box":9,"Turnip":8,"VioletLotus":16,"Kunai":24,"PureWater":0},{"Darkstone Periapt":20,"Lantern":20,"Gremlin Horn":98,"Bag of Preparation":73,"Frozen Egg 2":50,"GoldenEye":71,"Du-Vu Doll":45,"Blood Vial":77,"SlaversCollar":0,"Centennial Puzzle":50,"Anchor":101,"Shovel":80,"DollysMirror":73,"Strawberry":29,"Bird Faced Urn":73,"Toolbox":45,"Pandora\u0027s Box":38,"Turnip":32,"VioletLotus":60,"Kunai":85,"PureWater":0}]},"card_choices":[{"not_picked":["BowlingBash","Study"],"picked":"Meditate","floor":1},{"not_picked":["Study","Crescendo"],"picked":"Conclude","floor":2},{"not_picked":["InnerPeace","Indignation"],"picked":"ThirdEye","floor":3},{"not_picked":["JustLucky","Crescendo"],"picked":"EmptyFist","floor":5},{"not_picked":["Pray","PathToVictory","SignatureMove"],"picked":"SKIP","floor":6},{"not_picked":["BowlingBash","Crescendo","Alpha"],"picked":"SKIP","floor":10},{"not_picked":["FlyingSleeves","WaveOfTheHand","Crescendo"],"picked":"SKIP","floor":12},{"not_picked":["PathToVictory","Study"],"picked":"FearNoEvil","floor":14},{"not_picked":["CutThroughFate","TalkToTheHand"],"picked":"FlurryOfBlows","floor":18},{"not_picked":["Swivel","Crescendo","SignatureMove+1"],"picked":"SKIP","floor":20},{"not_picked":["ClearTheMind","BowlingBash"],"picked":"WheelKick+1","floor":22},{"not_picked":["JustLucky","FlyingSleeves"],"picked":"Establishment+1","floor":24},{"not_picked":["FlyingSleeves","EmptyFist+1"],"picked":"Crescendo","floor":29},{"not_picked":["BowlingBash","EmptyFist","Nirvana+1"],"picked":"SKIP","floor":31},{"not_picked":["BowlingBash","EmptyFist","Nirvana+1"],"picked":"SKIP","floor":31},{"not_picked":["MasterReality+1","Devotion+1"],"picked":"SpiritShield","floor":33},{"not_picked":["CutThroughFate","FlyingSleeves+1","BowlingBash"],"picked":"SKIP","floor":35},{"not_picked":["SashWhip","FlurryOfBlows+1"],"picked":"Indignation","floor":37},{"not_picked":["Brilliance","Crescendo","FlyingSleeves+1"],"picked":"SKIP","floor":39},{"not_picked":["WheelKick","Prostrate"],"picked":"Scrawl","floor":40},{"not_picked":["CutThroughFate","Vengeance+1","ThirdEye"],"picked":"SKIP","floor":42},{"not_picked":["CutThroughFate","Vengeance+1","ThirdEye"],"picked":"SKIP","floor":42},{"not_picked":["Collect","Nirvana+1","PathToVictory+1"],"picked":"SKIP","floor":44},{"not_picked":["Collect","Nirvana+1","PathToVictory+1"],"picked":"SKIP","floor":44},{"not_picked":["Collect","Nirvana+1","PathToVictory+1"],"picked":"SKIP","floor":44},{"not_picked":["Vengeance","ThirdEye"],"picked":"DeceiveReality","floor":46},{"not_picked":["ForeignInfluence","Pray"],"picked":"CutThroughFate","floor":47},{"not_picked":["Crescendo+1","Protect"],"picked":"Wireheading+1","floor":55}],"player_experience":6132742,"relics_obtained":[{"floor":6,"key":"Darkstone Periapt"},{"floor":9,"key":"Lantern"},{"floor":12,"key":"Strawberry"},{"floor":14,"key":"Turnip"},{"floor":24,"key":"Frozen Egg 2"},{"floor":26,"key":"Centennial Puzzle"},{"floor":36,"key":"GoldenEye"},{"floor":37,"key":"Bird Faced Urn"},{"floor":40,"key":"Blood Vial"},{"floor":42,"key":"Shovel"},{"floor":46,"key":"Kunai"},{"floor":53,"key":"Gremlin Horn"},{"floor":55,"key":"Anchor"}],"event_choices":[{"damage_healed":0,"gold_gain":0,"player_choice":"Ignored","damage_taken":0,"max_hp_gain":0,"max_hp_loss":0,"event_name":"Liars Game","floor":4,"gold_loss":0},{"damage_healed":0,"gold_gain":0,"player_choice":"Donut","damage_taken":0,"max_hp_gain":5,"max_hp_loss":0,"event_name":"Big Fish","floor":8,"gold_loss":0},{"cards_removed":["Defend_P"],"damage_healed":0,"gold_gain":0,"player_choice":"Card Removal","damage_taken":7,"max_hp_gain":0,"max_hp_loss":0,"event_name":"Golden Wing","floor":13,"gold_loss":0},{"damage_healed":0,"gold_gain":250,"player_choice":"Bet on Owner","damage_taken":0,"max_hp_gain":0,"max_hp_loss":0,"event_name":"The Joust","floor":19,"gold_loss":50},{"damage_healed":0,"gold_gain":0,"player_choice":"Ignored","damage_taken":0,"max_hp_gain":0,"max_hp_loss":0,"event_name":"Vampires","floor":28,"gold_loss":0},{"damage_healed":0,"gold_gain":50,"player_choice":"Stole From Cult","damage_taken":0,"max_hp_gain":0,"max_hp_loss":0,"event_name":"Nest","floor":30,"gold_loss":0},{"damage_healed":0,"gold_gain":0,"player_choice":"Fight","damage_taken":0,"max_hp_gain":0,"max_hp_loss":0,"event_name":"MindBloom","floor":36,"gold_loss":0},{"damage_healed":0,"gold_gain":0,"player_choice":"Fight","damage_taken":0,"max_hp_gain":0,"max_hp_loss":0,"event_name":"Mysterious Sphere","floor":37,"gold_loss":0},{"cards_removed":["Conclude"],"damage_healed":12,"gold_gain":0,"player_choice":"Offered Uncommon","damage_taken":0,"max_hp_gain":0,"max_hp_loss":0,"event_name":"Bonfire Elementals","floor":48,"gold_loss":0}],"is_beta":false,"boss_relics":[{"not_picked":["Snecko Eye","Astrolabe"],"picked":"Pandora\u0027s Box"},{"not_picked":["Empty Cage","Runic Dome"],"picked":"VioletLotus"}],"items_purged_floors":[21,54],"is_endless":false,"potions_floor_spawned":[1,3,6,10,14,20,33,36,37,40,42,46,47,55],"ascension_level":20}