{"gold_per_floor":[14,31,49,66,116,142,142,171,171,201,211,231,260,270,270,270],"floor_reached":16,"playtime":2202,"items_purged":[],"score":268,"play_id":"6b188c31-5625-43ff-9309-26aaa914ba85","local_time":"20220212164619","is_ascension_mode":true,"campfire_choices":[{"data":"Eruption","floor":7,"key":"SMITH"},{"data":"PathToVictory","floor":15,"key":"SMITH"}],"neow_cost":"NO_GOLD","seed_source_timestamp":109524597326400,"circlet_count":0,"master_deck":["AscendersBane","Strike_P","Strike_P","Strike_P","Strike_P","Defend_P","Defend_P","Eruption+1","Vigilance","PathToVictory+1","Consecrate","ThirdEye","Judgement","LikeWater","Evaluate"],"relics":["PureWater","PreservedInsect","Blood Vial","Bottled Lightning","Bird Faced Urn","Girya"],"potions_floor_usage":[6,11,13],"damage_taken":[{"damage":0,"enemies":"Cultist","floor":1,"turns":2},{"damage":0,"enemies":"2 Louse","floor":2,"turns":2},{"damage":0,"enemies":"Small Slimes","floor":3,"turns":2},{"damage":0,"enemies":"3 Louse","floor":4,"turns":2},{"damage":19,"enemies":"3 Sentries","floor":6,"turns":5},{"damage":16,"enemies":"Gremlin Nob","floor":8,"turns":3},{"damage":7,"enemies":"Lagavulin","floor":10,"turns":5},{"damage":2,"enemies":"Red Slaver","floor":11,"turns":2},{"damage":0,"enemies":"Looter","floor":12,"turns":1},{"damage":3,"enemies":"3 Sentries","floor":13,"turns":4},{"damage":14,"enemies":"3 Louse","floor":14,"turns":3},{"damage":16,"enemies":"Hexaghost","floor":16,"turns":9}],"seed_played":"6952860407948664689","potions_obtained":[{"floor":1,"key":"Ambrosia"},{"floor":3,"key":"LiquidMemories"},{"floor":10,"key":"SpeedPotion"}],"is_trial":false,"path_per_floor":["M","M","M","M","?","E","R","E","T","E","M","M","E","M","R","B"],"character_chosen":"WATCHER","items_purchased":[],"campfire_rested":0,"item_purchase_floors":[],"current_hp_per_floor":[61,61,61,61,61,42,42,26,26,21,21,23,22,12,12,0],"gold":270,"neow_bonus":"REMOVE_TWO","is_prod":false,"is_daily":false,"chose_seed":false,"campfire_upgraded":2,"win_rate":0,"timestamp":1644702379,"path_taken":["M","M","M","?","?","E","R","E","T","E","M","?","E","M","R","BOSS"],"build_version":"2020-12-22","purchased_purges":0,"victory":false,"max_hp_per_floor":[68,68,68,68,68,68,68,68,68,68,68,68,68,68,68,68],"relic_stats":{"Blood Vial":12,"Girya":0,"counters":[12,40],"Bird Faced Urn":[4],"PreservedInsect":83,"Bottled Lightning":"ThirdEye","PureWater":[8],"obtain_stats":[{"Blood Vial":8,"Girya":13,"Bird Faced Urn":10,"PreservedInsect":6,"Bottled Lightning":9,"PureWater":0},{"Blood Vial":6,"Girya":10,"Bird Faced Urn":7,"PreservedInsect":5,"Bottled Lightning":6,"PureWater":0},{"Blood Vial":16,"Girya":28,"Bird Faced Urn":21,"PreservedInsect":13,"Bottled Lightning":16,"PureWater":0}]},"card_choices":[{"not_picked":["SandsOfTime","EmptyFist"],"picked":"PathToVictory","floor":1},{"not_picked":["Indignation","Worship"],"picked":"Consecrate","floor":2},{"not_picked":["CrushJoints","FlyingSleeves"],"picked":"ThirdEye","floor":3},{"not_picked":["FearNoEvil","BowlingBash"],"picked":"Judgement","floor":4},{"not_picked":["Evaluate","Indignation","EmptyBody"],"picked":"SKIP","floor":8},{"not_picked":["Prostrate","Evaluate","Crescendo"],"picked":"SKIP","floor":10},{"not_picked":["FlyingSleeves","ClearTheMind","Evaluate"],"picked":"SKIP","floor":11},{"not_picked":["FlyingSleeves","ClearTheMind","Evaluate"],"picked":"SKIP","floor":11},{"not_picked":["FlyingSleeves","ClearTheMind","Evaluate"],"picked":"SKIP","floor":11},{"not_picked":["ClearTheMind","Omniscience","SashWhip"],"picked":"SKIP","floor":12},{"not_picked":["ClearTheMind","SashWhip"],"picked":"LikeWater","floor":13},{"not_picked":["EmptyBody","Evaluate","EmptyFist"],"picked":"SKIP","floor":14},{"not_picked":["EmptyBody","EmptyFist"],"picked":"Evaluate","floor":14}],"player_experience":6243331,"relics_obtained":[{"floor":6,"key":"PreservedInsect"},{"floor":8,"key":"Blood Vial"},{"floor":9,"key":"Bottled Lightning"},{"floor":10,"key":"Bird Faced Urn"},{"floor":13,"key":"Girya"}],"event_choices":[{"damage_healed":0,"gold_gain":50,"player_choice":"Pray","damage_taken":0,"max_hp_gain":0,"max_hp_loss":0,"event_name":"Golden Shrine","floor":5,"gold_loss":0}],"is_beta":false,"boss_relics":[],"items_purged_floors":[],"is_endless":false,"potions_floor_spawned":[1,3,4,10],"killed_by":"Hexaghost","ascension_level":20}