{"gold_per_floor":[112,112,37,52,52,86,86,129,129,154,209,14,14,53,53,151,151,164,188,208,232,232,232,271,271,271,271,289,324,324,349,349,440,440,461,477,495,495,515,550,574,643,643,643,674,698,713,751,751,751],"floor_reached":50,"playtime":3946,"items_purged":["Defend_P"],"score":1534,"play_id":"5f828f8b-9264-4fa6-a518-1e95e60d7eae","local_time":"20220209194755","is_ascension_mode":true,"campfire_choices":[{"data":"EmptyFist","floor":7,"key":"SMITH"},{"data":"Tantrum","floor":13,"key":"SMITH"},{"data":"Eruption","floor":15,"key":"SMITH"},{"data":"RitualDagger","floor":23,"key":"SMITH"},{"data":"Fasting2","floor":25,"key":"SMITH"},{"data":"ThirdEye","floor":27,"key":"SMITH"},{"data":"Vigilance","floor":32,"key":"SMITH"},{"floor":49,"key":"RECALL"}],"neow_cost":"TEN_PERCENT_HP_LOSS","seed_source_timestamp":1877243083438600,"circlet_count":0,"master_deck":["AscendersBane","Eruption+1","Vigilance+1","EmptyFist+1","Tantrum+1","ThirdEye+1","Fasting2+1","Evaluate+1","EmptyBody+1","CrushJoints+1","FlurryOfBlows+1","Sanctity","RitualDagger+1","Adaptation","Halt","Wallop","WaveOfTheHand","Vault"],"relics":["PureWater","Golden Idol","The Courier","Anchor","Mummified Hand","Pen Nib","ClockworkSouvenir","Yang","Astrolabe","Boot","Shuriken","Damaru","Coffee Dripper","Omamori","PreservedInsect","Girya","Gremlin Horn","Strawberry","Oddly Smooth Stone"],"potions_floor_usage":[24,36,40,42,50],"damage_taken":[{"damage":0,"enemies":"2 Louse","floor":1,"turns":2},{"damage":0,"enemies":"Jaw Worm","floor":4,"turns":1},{"damage":0,"enemies":"Gremlin Nob","floor":6,"turns":2},{"damage":5,"enemies":"Lagavulin","floor":8,"turns":4},{"damage":0,"enemies":"Cultist","floor":10,"turns":1},{"damage":0,"enemies":"Gremlin Nob","floor":14,"turns":2},{"damage":0,"enemies":"Slime Boss","floor":16,"turns":2},{"damage":0,"enemies":"Chosen","floor":18,"turns":2},{"damage":1,"enemies":"Shell Parasite","floor":19,"turns":2},{"damage":0,"enemies":"Cultist and Chosen","floor":20,"turns":3},{"damage":0,"enemies":"Snake Plant","floor":21,"turns":1},{"damage":4,"enemies":"Slavers","floor":24,"turns":2},{"damage":0,"enemies":"Chosen and Byrds","floor":28,"turns":2},{"damage":19,"enemies":"Book of Stabbing","floor":29,"turns":3},{"damage":2,"enemies":"Cultist and Chosen","floor":31,"turns":3},{"damage":1,"enemies":"Collector","floor":33,"turns":3},{"damage":0,"enemies":"3 Shapes","floor":35,"turns":2},{"damage":0,"enemies":"Orb Walker","floor":36,"turns":2},{"damage":0,"enemies":"3 Darklings","floor":37,"turns":2},{"damage":0,"enemies":"Spire Growth","floor":39,"turns":1},{"damage":0,"enemies":"Reptomancer","floor":40,"turns":2},{"damage":0,"enemies":"Maw","floor":41,"turns":4},{"damage":3,"enemies":"2 Orb Walkers","floor":42,"turns":3},{"damage":16,"enemies":"Nemesis","floor":45,"turns":3},{"damage":0,"enemies":"Jaw Worm Horde","floor":46,"turns":2},{"damage":0,"enemies":"3 Darklings","floor":47,"turns":3},{"damage":0,"enemies":"Giant Head","floor":48,"turns":4},{"damage":36,"enemies":"Time Eater","floor":50,"turns":9}],"seed_played":"2234638423570588630","potions_obtained":[{"floor":4,"key":"Block Potion"},{"floor":8,"key":"Fire Potion"},{"floor":10,"key":"FearPotion"},{"floor":14,"key":"Ambrosia"},{"floor":29,"key":"Swift Potion"},{"floor":36,"key":"CultistPotion"},{"floor":37,"key":"StancePotion"},{"floor":41,"key":"AttackPotion"},{"floor":46,"key":"BlessingOfTheForge"},{"floor":48,"key":"Strength Potion"}],"is_trial":false,"path_per_floor":["M","?","?","M","?","E","R","E","T","M","T","$","R","E","R","B",null,"M","M","M","M","?","R","E","R","T","R","M","E","?","M","R","B",null,"M","M","M","?","M","E","M","?","T","T","E","M","M","E","R","B"],"character_chosen":"WATCHER","items_purchased":["ClockworkSouvenir"],"campfire_rested":0,"item_purchase_floors":[12],"current_hp_per_floor":[61,54,54,54,54,54,54,49,49,49,49,49,49,49,49,49,54,54,53,53,53,47,47,43,43,43,43,43,24,24,22,22,21,47,47,47,47,47,47,47,47,44,44,44,35,35,35,35,35,0],"gold":751,"neow_bonus":"TRANSFORM_TWO_CARDS","is_prod":false,"is_daily":false,"chose_seed":false,"campfire_upgraded":7,"win_rate":0,"timestamp":1644454075,"path_taken":["M","?","?","M","?","E","R","E","T","M","?","$","R","E","R","BOSS","M","?","M","M","?","R","E","R","T","R","M","E","?","M","R","BOSS","M","M","M","?","?","E","M","?","T","?","E","M","M","E","R","BOSS"],"build_version":"2020-12-22","purchased_purges":1,"victory":false,"max_hp_per_floor":[62,62,62,62,56,56,56,56,56,56,56,56,56,56,56,56,56,56,56,56,56,56,56,56,56,56,56,56,56,56,56,56,56,56,56,56,56,56,56,56,56,56,56,56,63,63,63,63,63,63],"relic_stats":{"Girya":0,"Gremlin Horn":[5,5],"counters":[28,72],"Golden Idol":171,"Astrolabe":["Evaluate","EmptyBody","CrushJoints"],"Yang":[153],"The Courier":49,"Pen Nib":[16],"PreservedInsect":180,"Omamori":0,"Boot":[62],"Mummified Hand":[28],"Shuriken":[25],"PureWater":[20],"obtain_stats":[{"Girya":42,"Gremlin Horn":44,"Golden Idol":5,"Astrolabe":17,"Damaru":29,"Oddly Smooth Stone":48,"Yang":14,"The Courier":6,"Pen Nib":11,"PreservedInsect":40,"Omamori":38,"Boot":24,"ClockworkSouvenir":12,"Anchor":8,"Mummified Hand":9,"Shuriken":26,"Strawberry":45,"Coffee Dripper":34,"PureWater":0},{"Girya":23,"Gremlin Horn":23,"Golden Idol":2,"Astrolabe":7,"Damaru":14,"Oddly Smooth Stone":27,"Yang":6,"The Courier":3,"Pen Nib":5,"PreservedInsect":21,"Omamori":19,"Boot":12,"ClockworkSouvenir":5,"Anchor":4,"Mummified Hand":4,"Shuriken":12,"Strawberry":24,"Coffee Dripper":16,"PureWater":0},{"Girya":51,"Gremlin Horn":51,"Golden Idol":3,"Astrolabe":14,"Damaru":29,"Oddly Smooth Stone":63,"Yang":12,"The Courier":5,"Pen Nib":10,"PreservedInsect":44,"Omamori":41,"Boot":24,"ClockworkSouvenir":10,"Anchor":9,"Mummified Hand":9,"Shuriken":24,"Strawberry":54,"Coffee Dripper":35,"PureWater":0}]},"card_choices":[{"not_picked":["Protect","PathToVictory"],"picked":"ThirdEye","floor":1},{"not_picked":["WaveOfTheHand","Worship"],"picked":"CarveReality","floor":4},{"not_picked":["WreathOfFlame","FlyingSleeves","Vengeance"],"picked":"SKIP","floor":6},{"not_picked":["PathToVictory","FlurryOfBlows","Judgement"],"picked":"SKIP","floor":8},{"not_picked":["FollowUp","ThirdEye","CutThroughFate"],"picked":"SKIP","floor":10},{"not_picked":["WaveOfTheHand","SashWhip"],"picked":"Fasting2","floor":14},{"not_picked":["ThirdEye","FlyingSleeves","JustLucky"],"picked":"SKIP","floor":18},{"not_picked":["FlyingSleeves","BowlingBash","CrushJoints"],"picked":"SKIP","floor":19},{"not_picked":["FlyingSleeves","BowlingBash","CrushJoints"],"picked":"SKIP","floor":19},{"not_picked":["Crescendo","WheelKick"],"picked":"FlurryOfBlows+1","floor":20},{"not_picked":["DeusExMachina","Study"],"picked":"Sanctity","floor":21},{"not_picked":["Consecrate","ReachHeaven","CutThroughFate"],"picked":"SKIP","floor":24},{"not_picked":["LikeWater","Evaluate","DeceiveReality"],"picked":"SKIP","floor":28},{"not_picked":["Collect","FlurryOfBlows","CutThroughFate"],"picked":"SKIP","floor":29},{"not_picked":["Collect","FlurryOfBlows","CutThroughFate"],"picked":"SKIP","floor":29},{"not_picked":["Prostrate","FlurryOfBlows","Vengeance"],"picked":"SKIP","floor":31},{"not_picked":["Consecrate+1","JustLucky"],"picked":"Adaptation","floor":35},{"not_picked":["FollowUp","Crescendo"],"picked":"Halt","floor":36},{"not_picked":["BowlingBash","SashWhip"],"picked":"Wallop","floor":37},{"not_picked":["LikeWater","BowlingBash","Study"],"picked":"SKIP","floor":39},{"not_picked":["Fasting2","Devotion"],"picked":"WaveOfTheHand","floor":40},{"not_picked":["FollowUp","Consecrate","Evaluate"],"picked":"SKIP","floor":41},{"not_picked":["Fasting2","FlurryOfBlows+1","EmptyBody"],"picked":"SKIP","floor":45},{"not_picked":["PathToVictory","SashWhip+1"],"picked":"Vault","floor":46},{"not_picked":["Nirvana","Conclude","SignatureMove"],"picked":"SKIP","floor":48},{"not_picked":["Nirvana","Conclude","SignatureMove"],"picked":"SKIP","floor":48},{"not_picked":["Nirvana","Conclude","SignatureMove"],"picked":"SKIP","floor":48}],"player_experience":6194246,"relics_obtained":[{"floor":6,"key":"The Courier"},{"floor":8,"key":"Anchor"},{"floor":9,"key":"Mummified Hand"},{"floor":11,"key":"Pen Nib"},{"floor":14,"key":"Yang"},{"floor":24,"key":"Boot"},{"floor":26,"key":"Shuriken"},{"floor":29,"key":"Damaru"},{"floor":40,"key":"PreservedInsect"},{"floor":42,"key":"Girya"},{"floor":44,"key":"Gremlin Horn"},{"floor":45,"key":"Strawberry"},{"floor":48,"key":"Oddly Smooth Stone"}],"event_choices":[{"cards_removed":["Defend_P"],"damage_healed":0,"gold_gain":0,"player_choice":"Card Removal","damage_taken":7,"max_hp_gain":0,"max_hp_loss":0,"event_name":"Golden Wing","floor":2,"gold_loss":0},{"cards_removed":["Strike_P"],"damage_healed":0,"gold_gain":0,"player_choice":"Card Removal","damage_taken":0,"max_hp_gain":0,"max_hp_loss":0,"event_name":"The Cleric","floor":3,"gold_loss":75},{"damage_healed":0,"gold_gain":0,"player_choice":"Lose Max HP","damage_taken":0,"relics_obtained":["Golden Idol"],"max_hp_gain":0,"max_hp_loss":6,"event_name":"Golden Idol","floor":5,"gold_loss":0},{"damage_healed":0,"gold_gain":0,"player_choice":"Joined the Cult","damage_taken":6,"max_hp_gain":0,"max_hp_loss":0,"event_name":"Nest","floor":22,"gold_loss":0,"cards_obtained":["RitualDagger"]},{"cards_removed":["CarveReality"],"damage_healed":0,"gold_gain":0,"player_choice":"Elegance","damage_taken":0,"max_hp_gain":0,"max_hp_loss":0,"event_name":"Back to Basics","floor":30,"gold_loss":0},{"damage_healed":0,"gold_gain":0,"player_choice":"Gave Potion","damage_taken":0,"relics_obtained":["Omamori"],"max_hp_gain":0,"max_hp_loss":0,"event_name":"WeMeetAgain","floor":38,"gold_loss":0},{"damage_healed":0,"gold_gain":0,"player_choice":"Fight","damage_taken":0,"max_hp_gain":0,"max_hp_loss":0,"event_name":"Mysterious Sphere","floor":42,"gold_loss":0}],"is_beta":false,"boss_relics":[{"not_picked":["Calling Bell","Busted Crown"],"picked":"Astrolabe"},{"not_picked":["Snecko Eye","Cursed Key"],"picked":"Coffee Dripper"}],"items_purged_floors":[12],"is_endless":false,"potions_floor_spawned":[4,8,10,14,18,29,31,33,36,37,41,46,48],"killed_by":"Time Eater","ascension_level":20}