{"gold_per_floor":[144,161,202,13,26,55,55,88,88,132,166,166,198,209,209,281,281,300,345,295,307,257,257,271,271,271,297,77,151,151,212,212,284,284,333,333,1332,656,242,242,113,141,141,202,338,468,512,649,649,649,649,649,649,62,94,94],"floor_reached":57,"playtime":9422,"items_purged":["Strike_P","Strike_P","Normality","Normality","Strike_P","Defend_P"],"score":3239,"play_id":"27638d75-4027-40de-8d68-5f8e9658a3fd","local_time":"20220216174636","is_ascension_mode":true,"campfire_choices":[{"data":"Eruption","floor":7,"key":"SMITH"},{"data":"CrushJoints","floor":12,"key":"SMITH"},{"data":"Wish","floor":15,"key":"SMITH"},{"data":"Consecrate","floor":23,"key":"SMITH"},{"data":"Adaptation","floor":25,"key":"SMITH"},{"data":"MentalFortress","floor":30,"key":"SMITH"},{"data":"Crescendo","floor":32,"key":"SMITH"},{"data":"Apotheosis","floor":40,"key":"SMITH"},{"floor":49,"key":"RECALL"},{"data":"Panacea","floor":53,"key":"SMITH"}],"neow_cost":"NONE","seed_source_timestamp":451413585640700,"circlet_count":0,"master_deck":["AscendersBane","Strike_P","Defend_P","Defend_P","Eruption+1","Vigilance","Wish+1","CrushJoints+1","FlurryOfBlows","BowlingBash","JustLucky","Consecrate+1","Adaptation+1","CutThroughFate","Weave","MentalFortress+1","Crescendo+1","CrushJoints+1","Omniscience","InnerPeace","WaveOfTheHand","Protect+1","Scrawl","Secret Weapon","Panacea+1","Apotheosis+1","Tantrum","ClearTheMind","Adaptation","Wish","Omniscience","Meditate","EmptyBody","ThirdEye"],"special_seed":0,"relics":["HolyWater","Bag of Preparation","Smiling Mask","Darkstone Periapt","CaptainsWheel","Torii","Blood Vial","HornCleat","Meat on the Bone","Vajra","Coffee Dripper","Bottled Lightning","Sling","Pen Nib","Mango","TeardropLocket","Nunchaku","Ice Cream","Shuriken"],"potions_floor_usage":[6,10,18,21,27,31,33,50,56,56],"damage_taken":[{"damage":0.0,"enemies":"2 Louse","floor":1.0,"turns":7.0},{"damage":0.0,"enemies":"Cultist","floor":2.0,"turns":2.0},{"damage":7.0,"enemies":"Jaw Worm","floor":3.0,"turns":3.0},{"damage":0,"enemies":"Exordium Wildlife","floor":5,"turns":3},{"damage":0,"enemies":"Gremlin Nob","floor":6,"turns":2},{"damage":10,"enemies":"Lagavulin","floor":8,"turns":5},{"damage":0,"enemies":"Gremlin Gang","floor":10,"turns":3},{"damage":18,"enemies":"3 Sentries","floor":11,"turns":4},{"damage":0,"enemies":"Gremlin Nob","floor":13,"turns":2},{"damage":1,"enemies":"Blue Slaver","floor":14,"turns":2},{"damage":20,"enemies":"Hexaghost","floor":16,"turns":7},{"damage":1,"enemies":"Shell Parasite","floor":18,"turns":2},{"damage":0,"enemies":"Chosen","floor":19,"turns":3},{"damage":0,"enemies":"Shelled Parasite and Fungi","floor":21,"turns":2},{"damage":0,"enemies":"Centurion and Healer","floor":24,"turns":2},{"damage":15,"enemies":"Slavers","floor":27,"turns":3},{"damage":1,"enemies":"Snecko","floor":29,"turns":3},{"damage":0,"enemies":"Gremlin Leader","floor":31,"turns":4},{"damage":0,"enemies":"Champ","floor":33,"turns":5},{"damage":0,"enemies":"3 Shapes","floor":35,"turns":3},{"damage":0,"enemies":"Giant Head","floor":42,"turns":2},{"damage":0,"enemies":"Reptomancer","floor":44,"turns":2},{"damage":0,"enemies":"Orb Walker","floor":45,"turns":2},{"damage":0,"enemies":"Maw","floor":46,"turns":2},{"damage":0,"enemies":"3 Darklings","floor":47,"turns":1},{"damage":0,"enemies":"Spire Growth","floor":48,"turns":2},{"damage":19,"enemies":"Time Eater","floor":50,"turns":3},{"damage":2,"enemies":"Donu and Deca","floor":51,"turns":5},{"damage":0,"enemies":"Shield and Spear","floor":55,"turns":1},{"damage":15,"enemies":"The Heart","floor":56,"turns":5}],"seed_played":"3769378208086483809","potions_obtained":[{"floor":1.0,"key":"Explosive Potion"},{"floor":3,"key":"BlessingOfTheForge"},{"floor":14,"key":"Dexterity Potion"},{"floor":16,"key":"ColorlessPotion"},{"floor":18,"key":"Block Potion"},{"floor":19,"key":"Swift Potion"},{"floor":29,"key":"ColorlessPotion"},{"floor":31,"key":"Energy Potion"},{"floor":45,"key":"SkillPotion"},{"floor":46,"key":"BottledMiracle"},{"floor":47,"key":"LiquidBronze"}],"is_trial":false,"path_per_floor":["M","M","M","$","M","E","R","E","T","M","E","R","E","M","R","B",null,"M","M","?","M","$","R","M","R","T","E","$","M","R","E","R","B",null,"M","?","?","$","$","R","$","E","T","E","M","M","M","M","R","B","B",null,"R","$","E","B",null],"character_chosen":"WATCHER","items_purchased":["Bag of Preparation","JustLucky","InnerPeace","WaveOfTheHand","BlessingOfTheForge","Apotheosis","Bottled Lightning","Tantrum","ClearTheMind","Sling","Pen Nib","Adaptation","Wish","Nunchaku","Ice Cream","Strength Potion"],"campfire_rested":0,"item_purchase_floors":[4,4,28,28,28,38,38,38,38,39,39,39,41,54,54,54],"current_hp_per_floor":[61,61,54,54,54,54,54,44,44,44,26,26,26,27,27,9,53,54,56,56,58,58,58,60,60,60,47,47,48,48,50,50,52,64,66,56,68,68,68,68,68,84,84,86,88,90,92,94,94,75,75,89,89,89,91,78],"gold":94,"neow_bonus":"TRANSFORM_CARD","is_prod":false,"is_daily":false,"chose_seed":false,"campfire_upgraded":9,"win_rate":0,"timestamp":1645051596,"path_taken":["M","M","M","$","M","E","R","E","T","M","E","R","E","M","R","BOSS","M","M","?","M","?","R","M","R","T","E","$","M","R","E","R","BOSS","M","?","?","?","$","R","$","E","T","E","?","M","?","M","R","BOSS","BOSS","R","$","E","BOSS"],"build_version":"2020-12-22","purchased_purges":6,"victory":true,"max_hp_per_floor":[68,68,68,68,68,68,68,68,68,68,68,68,68,68,68,68,68,68,68,68,68,68,68,68,68,68,68,68,68,68,68,68,68,68,68,68,80,80,80,80,80,94,94,94,94,94,94,94,94,94,94,94,94,94,94,94],"relic_stats":{"Darkstone Periapt":12,"Ice Cream":[9],"Torii":26,"counters":[30,92],"Pen Nib":[10],"Bag of Preparation":[54],"Smiling Mask":525,"Blood Vial":40,"Nunchaku":[2],"Shuriken":[5],"HolyWater":[79],"Bottled Lightning":"Apotheosis","obtain_stats":[{"Darkstone Periapt":8,"Ice Cream":54,"Torii":11,"Vajra":31,"Mango":42,"Pen Nib":39,"Bag of Preparation":4,"TeardropLocket":44,"Smiling Mask":6,"Sling":39,"Blood Vial":13,"CaptainsWheel":9,"Nunchaku":54,"HornCleat":26,"Shuriken":55,"HolyWater":17,"Coffee Dripper":34,"Bottled Lightning":38,"PureWater":0,"Meat on the Bone":27},{"Darkstone Periapt":6,"Ice Cream":28,"Torii":8,"Vajra":18,"Mango":21,"Pen Nib":20,"Bag of Preparation":3,"TeardropLocket":22,"Smiling Mask":5,"Sling":20,"Blood Vial":9,"CaptainsWheel":6,"Nunchaku":28,"HornCleat":15,"Shuriken":29,"HolyWater":11,"Coffee Dripper":19,"Bottled Lightning":20,"PureWater":0,"Meat on the Bone":16},{"Darkstone Periapt":22,"Ice Cream":86,"Torii":29,"Vajra":59,"Mango":69,"Pen Nib":67,"Bag of Preparation":12,"TeardropLocket":71,"Smiling Mask":17,"Sling":67,"Blood Vial":31,"CaptainsWheel":22,"Nunchaku":86,"HornCleat":49,"Shuriken":87,"HolyWater":40,"Coffee Dripper":64,"Bottled Lightning":67,"PureWater":0,"Meat on the Bone":52}],"Meat on the Bone":0},"card_choices":[{"not_picked":["Sanctity","SandsOfTime"],"picked":"CrushJoints","floor":1.0},{"not_picked":["Prostrate","PathToVictory"],"picked":"FlurryOfBlows","floor":2.0},{"not_picked":["Pray","Conclude"],"picked":"BowlingBash","floor":3},{"not_picked":["JustLucky","PathToVictory"],"picked":"Consecrate","floor":5},{"not_picked":["BowlingBash","SignatureMove","FollowUp"],"picked":"SKIP","floor":6},{"not_picked":["WheelKick","Devotion"],"picked":"Adaptation","floor":8},{"not_picked":["ThirdEye","BowlingBash"],"picked":"CutThroughFate","floor":10},{"not_picked":["Nirvana","BowlingBash","Protect"],"picked":"SKIP","floor":11},{"not_picked":["Nirvana","BowlingBash","Protect"],"picked":"SKIP","floor":11},{"not_picked":["JustLucky","ConjureBlade"],"picked":"Weave","floor":13},{"not_picked":["Prostrate","CarveReality","Protect"],"picked":"SKIP","floor":14},{"not_picked":["Evaluate","ThirdEye"],"picked":"MentalFortress","floor":18},{"not_picked":["Alpha","FlurryOfBlows"],"picked":"Crescendo","floor":19},{"not_picked":["Fasting2","Pray+1","FollowUp"],"picked":"SKIP","floor":21},{"not_picked":["FollowUp","Halt"],"picked":"CrushJoints+1","floor":24},{"not_picked":["PathToVictory","FollowUp+1"],"picked":"Omniscience","floor":27},{"not_picked":["SandsOfTime","Conclude","Pray+1"],"picked":"SKIP","floor":29},{"not_picked":["Evaluate","BowlingBash"],"picked":"Protect+1","floor":31},{"not_picked":["Blasphemy","Wish"],"picked":"Scrawl","floor":33},{"not_picked":["Halt","Consecrate","ThirdEye"],"picked":"SKIP","floor":35},{"not_picked":["Swift Strike","Dramatic Entrance"],"picked":"Secret Weapon","floor":36},{"not_picked":["Metamorphosis","Dramatic Entrance"],"picked":"Panacea","floor":36},{"not_picked":["Evaluate","CutThroughFate"],"picked":"Omniscience","floor":42},{"not_picked":["Sanctity","Adaptation","SashWhip"],"picked":"SKIP","floor":44},{"not_picked":["Evaluate","InnerPeace+1"],"picked":"Meditate","floor":45},{"not_picked":["Perseverance","BowlingBash"],"picked":"EmptyBody","floor":46},{"not_picked":["Consecrate+1","EmptyBody+1"],"picked":"ThirdEye","floor":47},{"not_picked":["Evaluate+1","CutThroughFate+1","Collect"],"picked":"SKIP","floor":48},{"not_picked":["LikeWater","Collect","Alpha"],"picked":"SKIP","floor":55}],"player_experience":6283785,"relics_obtained":[{"floor":6,"key":"Smiling Mask"},{"floor":8,"key":"Darkstone Periapt"},{"floor":9,"key":"CaptainsWheel"},{"floor":11,"key":"Torii"},{"floor":13,"key":"Blood Vial"},{"floor":26,"key":"HornCleat"},{"floor":27,"key":"Meat on the Bone"},{"floor":31,"key":"Vajra"},{"floor":42,"key":"Mango"},{"floor":44,"key":"TeardropLocket"},{"floor":55,"key":"Shuriken"}],"event_choices":[{"damage_healed":0,"gold_gain":0,"player_choice":"Bet on Murderer","damage_taken":0,"max_hp_gain":0,"max_hp_loss":0,"event_name":"The Joust","floor":20,"gold_loss":50},{"damage_healed":0,"gold_gain":0,"player_choice":"Memory 3","damage_taken":10,"max_hp_gain":0,"max_hp_loss":0,"event_name":"SensoryStone","floor":36,"gold_loss":0},{"damage_healed":0,"gold_gain":999,"player_choice":"Gold","damage_taken":0,"max_hp_gain":0,"max_hp_loss":0,"event_name":"MindBloom","floor":37,"gold_loss":0,"cards_obtained":["Normality","Normality"]}],"is_beta":false,"boss_relics":[{"not_picked":["Runic Dome","VioletLotus"],"picked":"HolyWater"},{"not_picked":["Fusion Hammer","SacredBark"],"picked":"Coffee Dripper"}],"items_purged_floors":[22,28,38,39,41,54],"is_endless":false,"potions_floor_spawned":[1,3,5,14,16,18,19,29,31,45,46,47,55],"ascension_level":20}