{"gold_per_floor":[117,131,141,155,155,189,189,226,226,245,245,281,281,7,7,94,157,177,197,217,241,266,266,301,301,301,328,355,355,382,417,417,499,499,528,546,830,212,224,224,261,261,270,291,324,324,336,365,365,365,365,365,365,0,33,33],"floor_reached":57,"playtime":5746,"items_purged":["Defend_P","Regret","Shame"],"score":3523,"play_id":"8d8f81ad-ad4a-4f55-99e8-f04b11dd7904","local_time":"20220222160943","is_ascension_mode":true,"campfire_choices":[{"data":"Blasphemy","floor":7,"key":"SMITH"},{"data":"LessonLearned","floor":11,"key":"SMITH"},{"data":"CutThroughFate","floor":13,"key":"SMITH"},{"data":"FlyingSleeves","floor":15,"key":"SMITH"},{"data":"Vault","floor":23,"key":"SMITH"},{"floor":25,"key":"RECALL"},{"data":"Worship","floor":32,"key":"SMITH"},{"data":"Secret Weapon","floor":40,"key":"SMITH"},{"floor":42,"key":"REST"},{"data":"MentalFortress","floor":46,"key":"SMITH"},{"floor":49,"key":"REST"},{"floor":53,"key":"REST"}],"neow_cost":"TEN_PERCENT_HP_LOSS","seed_source_timestamp":346867349263600,"circlet_count":0,"master_deck":["AscendersBane","Eruption+1","Vigilance+1","Blasphemy+1","CutThroughFate+1","FearNoEvil+1","DeceiveReality+1","FlyingSleeves+1","WheelKick+1","CutThroughFate+1","LessonLearned+1","Alpha+1","Wallop+1","Vault+1","Pray+1","CutThroughFate+1","Omniscience+1","Worship+1","Wireheading+1","DeusExMachina+1","LessonLearned+1","Swivel+1","ThirdEye+1","ThirdEye+1","Prostrate+1","MentalFortress+1","Evaluate+1","InnerPeace+1","Omniscience+1","Meditate+1","Secret Weapon+1","MentalFortress+1","EmptyMind+1"],"relics":["PureWater","CeramicFish","PreservedInsect","Torii","Question Card","Meat on the Bone","Bag of Preparation","Pandora\u0027s Box","War Paint","Kunai","Anchor","InkBottle","Cursed Key","Calipers","Blood Vial","Bag of Marbles","Orichalcum","Membership Card","Ornamental Fan","Mercury Hourglass"],"potions_floor_usage":[6,28,56,56],"damage_taken":[{"damage":7,"enemies":"Small Slimes","floor":1,"turns":3},{"damage":0,"enemies":"2 Louse","floor":2,"turns":1},{"damage":0,"enemies":"Jaw Worm","floor":3,"turns":1},{"damage":0,"enemies":"Red Slaver","floor":4,"turns":2},{"damage":0,"enemies":"Lagavulin","floor":6,"turns":3},{"damage":12,"enemies":"3 Sentries","floor":8,"turns":3},{"damage":2,"enemies":"Exordium Thugs","floor":10,"turns":3},{"damage":0,"enemies":"Lagavulin","floor":12,"turns":2},{"damage":0,"enemies":"Slime Boss","floor":16,"turns":3},{"damage":1,"enemies":"2 Thieves","floor":18,"turns":3},{"damage":14,"enemies":"Shell Parasite","floor":19,"turns":4},{"damage":1,"enemies":"Shelled Parasite and Fungi","floor":20,"turns":2},{"damage":0,"enemies":"Cultist and Chosen","floor":21,"turns":2},{"damage":0,"enemies":"Snecko","floor":22,"turns":1},{"damage":0,"enemies":"Book of Stabbing","floor":24,"turns":3},{"damage":1,"enemies":"Centurion and Healer","floor":27,"turns":3},{"damage":0,"enemies":"Gremlin Leader","floor":28,"turns":1},{"damage":0,"enemies":"Sentry and Sphere","floor":30,"turns":3},{"damage":2,"enemies":"Slavers","floor":31,"turns":3},{"damage":16,"enemies":"Collector","floor":33,"turns":5},{"damage":0,"enemies":"Orb Walker","floor":35,"turns":1},{"damage":0,"enemies":"3 Darklings","floor":36,"turns":1},{"damage":7,"enemies":"Writhing Mass","floor":39,"turns":6},{"damage":9,"enemies":"Reptomancer","floor":41,"turns":5},{"damage":0,"enemies":"Spire Growth","floor":44,"turns":4},{"damage":1,"enemies":"Nemesis","floor":45,"turns":3},{"damage":0,"enemies":"Maw","floor":47,"turns":4},{"damage":0,"enemies":"Reptomancer","floor":48,"turns":4},{"damage":0,"enemies":"Time Eater","floor":50,"turns":10},{"damage":0,"enemies":"Awakened One","floor":51,"turns":10},{"damage":0,"enemies":"Shield and Spear","floor":55,"turns":2},{"damage":39,"enemies":"The Heart","floor":56,"turns":8}],"seed_played":"-2253799646481056136","potions_obtained":[{"floor":2,"key":"ColorlessPotion"},{"floor":4,"key":"SteroidPotion"},{"floor":8,"key":"SteroidPotion"},{"floor":10,"key":"StancePotion"},{"floor":27,"key":"LiquidMemories"},{"floor":28,"key":"GamblersBrew"},{"floor":44,"key":"LiquidMemories"}],"is_trial":false,"path_per_floor":["M","M","M","M","?","E","R","E","T","M","R","E","R","$","R","B",null,"M","M","M","M","M","R","E","R","T","M","E","?","M","E","R","B",null,"M","M","?","$","M","R","E","R","T","M","E","R","M","E","R","B","B",null,"R","$","E","B",null],"character_chosen":"WATCHER","items_purchased":["Bag of Preparation","Wallop","Calipers","Secret Weapon","Membership Card","Ornamental Fan"],"campfire_rested":3,"item_purchase_floors":[14,14,38,38,54,54],"current_hp_per_floor":[54,54,54,54,43,43,43,31,31,29,29,29,29,29,29,41,57,56,42,41,41,41,41,41,41,41,40,40,40,40,38,38,34,55,55,55,55,55,48,48,39,57,57,59,60,60,62,62,62,62,62,62,62,62,62,35],"gold":33,"neow_bonus":"THREE_RARE_CARDS","is_prod":false,"is_daily":false,"chose_seed":false,"campfire_upgraded":8,"win_rate":0,"timestamp":1645564183,"path_taken":["M","M","M","M","?","E","R","E","T","M","R","E","R","$","R","BOSS","M","M","M","M","M","R","E","R","T","M","E","?","M","E","R","BOSS","M","M","?","$","M","R","E","R","T","M","E","R","?","E","R","BOSS","BOSS","R","$","E","BOSS"],"build_version":"2020-12-22","purchased_purges":3,"victory":true,"max_hp_per_floor":[62,62,62,62,62,62,62,62,62,62,62,62,62,62,62,62,62,62,62,62,62,62,62,62,62,62,62,62,62,62,62,62,62,62,62,62,62,62,62,62,62,62,62,62,62,62,62,62,62,62,62,62,62,62,62,62],"relic_stats":{"Calipers":[1557],"Torii":28,"counters":[32,108],"CeramicFish":243,"PreservedInsect":435,"Bag of Preparation":[52],"War Paint":["DeusExMachina","ThirdEye"],"Orichalcum":[0],"Question Card":23,"Cursed Key":1,"Mercury Hourglass":[24],"Blood Vial":6,"Ornamental Fan":[20],"Pandora\u0027s Box":["Pray","CutThroughFate","Omniscience","Worship","Wireheading","DeusExMachina","LessonLearned"],"Kunai":[25],"Membership Card":205,"PureWater":[24],"obtain_stats":[{"Calipers":38,"Torii":8,"CeramicFish":5,"PreservedInsect":6,"Bag of Preparation":14,"War Paint":24,"Orichalcum":48,"Question Card":9,"Cursed Key":34,"Mercury Hourglass":55,"Blood Vial":41,"Anchor":28,"Ornamental Fan":54,"Pandora\u0027s Box":17,"Bag of Marbles":45,"Kunai":26,"Membership Card":54,"PureWater":0,"InkBottle":31,"Meat on the Bone":12},{"Calipers":22,"Torii":6,"CeramicFish":4,"PreservedInsect":5,"Bag of Preparation":8,"War Paint":15,"Orichalcum":28,"Question Card":6,"Cursed Key":20,"Mercury Hourglass":31,"Blood Vial":24,"Anchor":17,"Ornamental Fan":30,"Pandora\u0027s Box":9,"Bag of Marbles":26,"Kunai":15,"Membership Card":30,"PureWater":0,"InkBottle":19,"Meat on the Bone":8},{"Calipers":53,"Torii":13,"CeramicFish":7,"PreservedInsect":10,"Bag of Preparation":18,"War Paint":36,"Orichalcum":79,"Question Card":13,"Cursed Key":51,"Mercury Hourglass":101,"Blood Vial":64,"Anchor":40,"Ornamental Fan":99,"Pandora\u0027s Box":21,"Bag of Marbles":71,"Kunai":36,"Membership Card":99,"PureWater":0,"InkBottle":46,"Meat on the Bone":18}],"InkBottle":[38],"Meat on the Bone":36},"card_choices":[{"not_picked":["Devotion","DevaForm"],"picked":"Blasphemy","floor":0},{"not_picked":["ClearTheMind","Crescendo"],"picked":"CutThroughFate","floor":1},{"not_picked":["Consecrate","Evaluate"],"picked":"FearNoEvil","floor":2},{"not_picked":["FlyingSleeves","PathToVictory"],"picked":"DeceiveReality","floor":3},{"not_picked":["FearNoEvil","Conclude"],"picked":"FlyingSleeves","floor":4},{"not_picked":["Perseverance","FlurryOfBlows"],"picked":"WheelKick","floor":6},{"not_picked":["JustLucky","FlyingSleeves"],"picked":"CutThroughFate","floor":8},{"not_picked":["Conclude","FlyingSleeves","Prostrate"],"picked":"LessonLearned","floor":10},{"not_picked":["ClearTheMind","BowlingBash","Evaluate"],"picked":"Alpha","floor":12},{"not_picked":["Blasphemy","Judgement","Devotion"],"picked":"Vault","floor":16},{"not_picked":["Collect","LikeWater","InnerPeace"],"picked":"Swivel+1","floor":18},{"not_picked":["Tantrum","Vengeance","FlyingSleeves","Crescendo"],"picked":"SKIP","floor":19},{"not_picked":["FlyingSleeves","BowlingBash","WaveOfTheHand"],"picked":"ThirdEye","floor":20},{"not_picked":["Nirvana","Study","PathToVictory"],"picked":"ThirdEye","floor":21},{"not_picked":["Crescendo","SignatureMove","Indignation"],"picked":"Prostrate","floor":22},{"not_picked":["DeceiveReality","DeusExMachina","EmptyBody","EmptyFist"],"picked":"SKIP","floor":24},{"not_picked":["Crescendo","Prostrate","EmptyFist"],"picked":"MentalFortress","floor":27},{"not_picked":["SignatureMove","Fasting2","ClearTheMind","Vengeance"],"picked":"SKIP","floor":28},{"not_picked":["FlurryOfBlows+1","ClearTheMind","BowlingBash"],"picked":"Evaluate+1","floor":30},{"not_picked":["CrushJoints","Study","ClearTheMind"],"picked":"InnerPeace","floor":31},{"not_picked":["Vault","LessonLearned","Establishment"],"picked":"Omniscience","floor":33},{"not_picked":["FlurryOfBlows+1","WreathOfFlame","PathToVictory"],"picked":"Meditate+1","floor":35},{"not_picked":["Consecrate","BowlingBash","SashWhip","EmptyFist+1"],"picked":"SKIP","floor":36},{"not_picked":["Protect+1","CrushJoints","WreathOfFlame","LikeWater"],"picked":"SKIP","floor":39},{"not_picked":["Devotion","Prostrate+1","Meditate"],"picked":"MentalFortress","floor":41},{"not_picked":["BowlingBash","Halt+1","Prostrate"],"picked":"EmptyMind","floor":44},{"not_picked":["Evaluate","Conclude","Wireheading","JustLucky"],"picked":"SKIP","floor":45},{"not_picked":["Halt","Worship+1","Protect","SashWhip+1"],"picked":"SKIP","floor":47},{"not_picked":["Pray","CrushJoints","WindmillStrike","DeusExMachina"],"picked":"SKIP","floor":48},{"not_picked":["SpiritShield","BowlingBash+1","Crescendo","FlurryOfBlows"],"picked":"SKIP","floor":55}],"player_experience":6312193,"relics_obtained":[{"floor":6,"key":"PreservedInsect"},{"floor":8,"key":"Torii"},{"floor":9,"key":"Question Card"},{"floor":12,"key":"Meat on the Bone"},{"floor":24,"key":"War Paint"},{"floor":26,"key":"Kunai"},{"floor":28,"key":"Anchor"},{"floor":31,"key":"InkBottle"},{"floor":41,"key":"Blood Vial"},{"floor":45,"key":"Bag of Marbles"},{"floor":48,"key":"Orichalcum"},{"floor":55,"key":"Mercury Hourglass"}],"event_choices":[{"damage_healed":0,"gold_gain":0,"player_choice":"Success","damage_taken":11,"relics_obtained":["CeramicFish"],"max_hp_gain":0,"max_hp_loss":0,"event_name":"Scrap Ooze","floor":5,"gold_loss":0},{"damage_healed":0,"gold_gain":0,"player_choice":"Ignored","damage_taken":0,"max_hp_gain":0,"max_hp_loss":0,"event_name":"Vampires","floor":29,"gold_loss":0},{"damage_healed":0,"gold_gain":275,"player_choice":"Desecrate","damage_taken":0,"max_hp_gain":0,"max_hp_loss":0,"event_name":"Golden Shrine","floor":37,"gold_loss":0,"cards_obtained":["Regret"]}],"is_beta":false,"boss_relics":[{"not_picked":["VioletLotus","Sozu"],"picked":"Pandora\u0027s Box"},{"not_picked":["Snecko Eye","Astrolabe"],"picked":"Cursed Key"}],"items_purged_floors":[14,38,54],"is_endless":false,"potions_floor_spawned":[2,4,8,10,21,27,28,30,31,33,36,41,44,48,55],"ascension_level":20}