{"gold_per_floor":[118,129,139,64,81,94,94,94,94,129,129,161,177,210,210,283,283,301,319,335,345,192,192,211,243,243,261,261,261,261,96,96,170,170,182,196,208,208,222,222,257,132,132,151,182,195,195,195,195,195,195,195,195,116,147,147],"floor_reached":57,"playtime":6900,"items_purged":["Defend_P","Defend_P","Strike_P"],"score":2812,"play_id":"cc0d911c-b1ed-44a0-b4d4-3486d336c1ac","local_time":"20220307141247","is_ascension_mode":true,"campfire_choices":[{"data":"CutThroughFate","floor":7,"key":"SMITH"},{"floor":11,"key":"REST"},{"data":"Eruption","floor":15,"key":"SMITH"},{"data":"TalkToTheHand","floor":23,"key":"SMITH"},{"floor":28,"key":"REST"},{"data":"Study","floor":30,"key":"SMITH"},{"floor":32,"key":"REST"},{"floor":40,"key":"REST"},{"floor":47,"key":"RECALL"},{"data":"Meditate","floor":49,"key":"SMITH"},{"floor":53,"key":"REST"}],"neow_cost":"NONE","seed_source_timestamp":930301050512600,"circlet_count":0,"master_deck":["AscendersBane","Strike_P","Strike_P","Eruption+1","Vigilance","Worship","CutThroughFate+1","Protect","BowlingBash","Study+1","DeceiveReality","TalkToTheHand+1","FlyingSleeves+1","Ragnarok+1","InnerPeace+1","Evaluate+1","EmptyFist+1","FearNoEvil+1","TalkToTheHand+1","Indignation","Adaptation","Wallop+1","Ragnarok+1","SashWhip+1","Omniscience+1","Meditate+1","ThirdEye+1","Tantrum+1","CutThroughFate+1"],"relics":["Cursed Key","Gremlin Horn","Omamori","Molten Egg 2","Empty Cage","Mango","HornCleat","SlaversCollar","Vajra","Singing Bowl","Sundial"],"potions_floor_usage":[5,10,12,16,21,25,25,33,39,50,55,56],"damage_taken":[{"damage":0,"enemies":"Jaw Worm","floor":1,"turns":3},{"damage":0,"enemies":"Cultist","floor":2,"turns":4},{"damage":6,"enemies":"2 Louse","floor":3,"turns":3},{"damage":6,"enemies":"Exordium Thugs","floor":5,"turns":5},{"damage":1,"enemies":"Looter","floor":6,"turns":4},{"damage":19,"enemies":"3 Sentries","floor":10,"turns":9},{"damage":24,"enemies":"Gremlin Nob","floor":12,"turns":4},{"damage":8,"enemies":"Exordium Wildlife","floor":13,"turns":4},{"damage":7,"enemies":"3 Sentries","floor":14,"turns":5},{"damage":0,"enemies":"The Guardian","floor":16,"turns":11},{"damage":0,"enemies":"Spheric Guardian","floor":18,"turns":2},{"damage":4,"enemies":"3 Byrds","floor":19,"turns":5},{"damage":6,"enemies":"3 Cultists","floor":20,"turns":4},{"damage":8,"enemies":"Snecko","floor":21,"turns":3},{"damage":18,"enemies":"Cultist and Chosen","floor":24,"turns":8},{"damage":6,"enemies":"Book of Stabbing","floor":25,"turns":4},{"damage":23,"enemies":"Centurion and Healer","floor":27,"turns":5},{"damage":2,"enemies":"Champ","floor":33,"turns":6},{"damage":0,"enemies":"Orb Walker","floor":35,"turns":3},{"damage":5,"enemies":"3 Darklings","floor":36,"turns":4},{"damage":11,"enemies":"Spire Growth","floor":37,"turns":6},{"damage":29,"enemies":"Jaw Worm Horde","floor":39,"turns":3},{"damage":28,"enemies":"Nemesis","floor":41,"turns":7},{"damage":11,"enemies":"Writhing Mass","floor":44,"turns":7},{"damage":0,"enemies":"Giant Head","floor":45,"turns":4},{"damage":0,"enemies":"Sphere and 2 Shapes","floor":46,"turns":7},{"damage":6,"enemies":"Time Eater","floor":50,"turns":6},{"damage":57,"enemies":"Donu and Deca","floor":51,"turns":9},{"damage":0,"enemies":"Shield and Spear","floor":55,"turns":2},{"damage":36,"enemies":"The Heart","floor":56,"turns":9}],"seed_played":"3420790435980567238","potions_obtained":[{"floor":1,"key":"SneckoOil"},{"floor":2,"key":"Ancient Potion"},{"floor":6,"key":"ColorlessPotion"},{"floor":13,"key":"FearPotion"},{"floor":20,"key":"Explosive Potion"},{"floor":24,"key":"Block Potion"},{"floor":27,"key":"CultistPotion"},{"floor":33,"key":"FearPotion"},{"floor":37,"key":"Ancient Potion"},{"floor":41,"key":"Ancient Potion"}],"is_trial":false,"path_per_floor":["M","M","M","$","M","M","R","?","T","E","R","E","M","E","R","B",null,"M","M","M","M","$","R","M","E","T","M","R","?","R","$","R","B",null,"M","M","M","?","M","R","E","$","T","M","E","M","R","?","R","B","B",null,"R","$","E","B",null],"character_chosen":"WATCHER","items_purchased":["Strength Potion","Adaptation","Wallop+1","DistilledChaos"],"campfire_rested":5,"item_purchase_floors":[22,31,31,54],"current_hp_per_floor":[61,61,55,55,49,48,48,48,48,29,49,25,17,10,10,10,54,54,50,44,36,36,36,18,26,26,3,27,3,3,3,29,27,72,72,67,56,56,27,53,25,25,25,14,14,14,14,71,71,65,8,55,71,71,73,37],"gold":147,"neow_bonus":"BOSS_RELIC","is_prod":false,"is_daily":false,"chose_seed":false,"campfire_upgraded":5,"win_rate":0,"timestamp":1646680367,"path_taken":["M","M","M","$","M","M","R","?","T","E","R","E","M","E","R","BOSS","M","M","M","M","?","R","M","E","T","M","R","?","R","$","R","BOSS","M","M","M","?","M","R","E","?","T","M","E","M","R","?","R","BOSS","BOSS","R","$","E","BOSS"],"build_version":"2022-02-27","purchased_purges":3,"victory":true,"max_hp_per_floor":[68,68,68,68,68,68,68,68,68,68,68,68,68,68,68,68,68,68,68,68,68,68,68,68,82,82,82,82,87,87,87,87,87,87,87,87,87,87,87,87,87,87,87,87,87,87,87,71,71,71,71,71,71,71,73,73],"relic_stats":{"Gremlin Horn":[18,18],"Singing Bowl":2,"counters":[30,156],"Sundial":[2],"Omamori":2,"Cursed Key":2,"obtain_stats":[{"SlaversCollar":34,"HornCleat":26,"Gremlin Horn":10,"Singing Bowl":45,"Sundial":55,"Vajra":41,"Molten Egg 2":14,"Mango":25,"Omamori":12,"PureWater":0,"Cursed Key":0,"Empty Cage":17},{"SlaversCollar":18,"HornCleat":16,"Gremlin Horn":6,"Singing Bowl":25,"Sundial":29,"Vajra":23,"Molten Egg 2":9,"Mango":16,"Omamori":7,"PureWater":0,"Cursed Key":0,"Empty Cage":10},{"SlaversCollar":89,"HornCleat":78,"Gremlin Horn":28,"Singing Bowl":123,"Sundial":147,"Vajra":112,"Molten Egg 2":41,"Mango":78,"Omamori":32,"PureWater":0,"Cursed Key":0,"Empty Cage":52}]},"card_choices":[{"not_picked":["FlurryOfBlows","SashWhip"],"picked":"Worship","floor":1},{"not_picked":["Adaptation","Protect"],"picked":"CutThroughFate","floor":2},{"not_picked":["Halt","Evaluate"],"picked":"Protect","floor":3},{"not_picked":["ConjureBlade","Study","FlurryOfBlows"],"picked":"SKIP","floor":5},{"not_picked":["Prostrate","Evaluate"],"picked":"BowlingBash","floor":6},{"not_picked":["Prostrate","Conclude"],"picked":"DeceiveReality","floor":10},{"not_picked":["Nirvana","ForeignInfluence","ClearTheMind"],"picked":"SKIP","floor":12},{"not_picked":["Wireheading","EmptyBody"],"picked":"TalkToTheHand","floor":13},{"not_picked":["WaveOfTheHand","EmptyFist+1"],"picked":"FlyingSleeves+1","floor":14},{"not_picked":["SpiritShield","Alpha"],"picked":"Ragnarok+1","floor":16},{"not_picked":["Prostrate","Adaptation"],"picked":"InnerPeace+1","floor":18},{"not_picked":["ReachHeaven+1","FlyingSleeves+1"],"picked":"Evaluate+1","floor":19},{"not_picked":["WaveOfTheHand","MentalFortress"],"picked":"EmptyFist+1","floor":20},{"not_picked":["BowlingBash+1","ThirdEye","Consecrate+1"],"picked":"SKIP","floor":21},{"not_picked":["Evaluate","InnerPeace"],"picked":"FearNoEvil+1","floor":24},{"not_picked":["Protect","Sanctity"],"picked":"TalkToTheHand+1","floor":25},{"not_picked":["ClearTheMind","Perseverance"],"picked":"Indignation","floor":27},{"not_picked":["Devotion","Alpha"],"picked":"Ragnarok+1","floor":33},{"not_picked":["ClearTheMind","Halt","BattleHymn"],"picked":"SKIP","floor":35},{"not_picked":["ReachHeaven+1","Protect+1"],"picked":"SashWhip+1","floor":36},{"not_picked":["ThirdEye+1","SashWhip+1"],"picked":"Omniscience","floor":37},{"not_picked":["SashWhip+1","FlurryOfBlows+1"],"picked":"Meditate","floor":39},{"not_picked":["Prostrate","Study"],"picked":"ThirdEye+1","floor":41},{"not_picked":["FlyingSleeves+1","DeceiveReality","Perseverance+1"],"picked":"SKIP","floor":44},{"not_picked":["ConjureBlade","DeceiveReality"],"picked":"Tantrum+1","floor":45},{"not_picked":["Halt+1","Evaluate"],"picked":"CutThroughFate+1","floor":46},{"not_picked":["Protect+1","FollowUp+1","SignatureMove+1"],"picked":"Singing Bowl","floor":55}],"player_experience":6392728,"relics_obtained":[{"floor":10,"key":"Gremlin Horn"},{"floor":12,"key":"Omamori"},{"floor":14,"key":"Molten Egg 2"},{"floor":25,"key":"Mango"},{"floor":26,"key":"HornCleat"},{"floor":41,"key":"Vajra"},{"floor":45,"key":"Singing Bowl"},{"floor":55,"key":"Sundial"}],"event_choices":[{"damage_healed":0,"gold_gain":0,"cards_transformed":["Defend_P"],"player_choice":"Transformed","damage_taken":0,"max_hp_gain":0,"max_hp_loss":0,"event_name":"Transmorgrifier","floor":8,"gold_loss":0,"cards_obtained":["Study"]},{"damage_healed":0,"gold_gain":0,"player_choice":"Shed Blood","damage_taken":29,"max_hp_gain":5,"max_hp_loss":0,"event_name":"Forgotten Altar","floor":29,"gold_loss":0},{"damage_healed":0,"gold_gain":0,"player_choice":"Forge","damage_taken":0,"max_hp_gain":0,"max_hp_loss":0,"event_name":"Accursed Blacksmith","floor":38,"gold_loss":0,"cards_upgraded":["Omniscience"]},{"damage_healed":71,"gold_gain":0,"player_choice":"Heal","damage_taken":0,"max_hp_gain":0,"max_hp_loss":16,"event_name":"The Moai Head","floor":48,"gold_loss":0}],"is_beta":false,"boss_relics":[{"not_picked":["Runic Pyramid","Philosopher\u0027s Stone"],"picked":"Empty Cage"},{"not_picked":["SacredBark","Pandora\u0027s Box"],"picked":"SlaversCollar"}],"items_purged_floors":[4,22,42],"is_endless":false,"potions_floor_spawned":[1,2,6,13,20,24,27,33,37,41],"ascension_level":20}