{"gold_per_floor":[169,57,107,124,144,144,173,173,222,247,261,288,299,114,114,191,191,202,213,225,61,61,61,121,121,193,208,224,224,251,264,264,337,337,352,352,701,16,27,52,52,85,159,177,177,210,210,229,229,229,229,229,229,88,117,117],"floor_reached":57,"playtime":5529,"items_purged":["Strike_P","Strike_P","Defend_P"],"score":3114,"play_id":"38c94d8e-9260-46b2-a09f-773ec005f0b2","local_time":"20220301154631","is_ascension_mode":true,"campfire_choices":[{"data":"Eruption","floor":6,"key":"SMITH"},{"data":"SignatureMove","floor":8,"key":"SMITH"},{"data":"ForeignInfluence","floor":15,"key":"SMITH"},{"data":"Devotion","floor":23,"key":"SMITH"},{"data":"TalkToTheHand","floor":25,"key":"SMITH"},{"data":"Prostrate","floor":29,"key":"SMITH"},{"data":"1","floor":32,"key":"LIFT"},{"floor":41,"key":"RECALL"},{"data":"Worship","floor":47,"key":"SMITH"},{"data":"2","floor":49,"key":"LIFT"},{"floor":53,"key":"REST"}],"neow_cost":"NONE","seed_source_timestamp":418904006832900,"circlet_count":0,"master_deck":["AscendersBane","Defend_P","Defend_P+1","Eruption+1","Vigilance","CutThroughFate","FlurryOfBlows","SignatureMove+1","Adaptation","Consecrate","JustLucky","ForeignInfluence+1","TalkToTheHand+1","Devotion+1","Prostrate+1","ClearTheMind+1","Tantrum+1","CutThroughFate+1","CrushJoints+1","Worship+1","ThirdEye","Prostrate+1","TalkToTheHand+1","SashWhip","ThirdEye+1","FearNoEvil+1","Adaptation","Meditate"],"relics":["Tiny House","Ancient Tea Set","Art of War","Toy Ornithopter","Nunchaku","Empty Cage","Bag of Preparation","Singing Bowl","Girya","SlaversCollar","Old Coin","FossilizedHelix","DollysMirror","Damaru","HornCleat","Blue Candle","Shuriken","Calipers"],"potions_floor_usage":[12,16,20,30,40,46,51],"damage_taken":[{"damage":12,"enemies":"Small Slimes","floor":1,"turns":5},{"damage":0,"enemies":"Cultist","floor":4,"turns":2},{"damage":0,"enemies":"2 Louse","floor":5,"turns":2},{"damage":12,"enemies":"3 Sentries","floor":7,"turns":4},{"damage":16,"enemies":"Gremlin Nob","floor":10,"turns":3},{"damage":0,"enemies":"2 Fungi Beasts","floor":11,"turns":2},{"damage":10,"enemies":"3 Sentries","floor":12,"turns":4},{"damage":0,"enemies":"Blue Slaver","floor":13,"turns":2},{"damage":1,"enemies":"The Guardian","floor":16,"turns":7},{"damage":0,"enemies":"Chosen","floor":18,"turns":3},{"damage":3,"enemies":"Spheric Guardian","floor":19,"turns":3},{"damage":1,"enemies":"Cultist and Chosen","floor":20,"turns":5},{"damage":0,"enemies":"Centurion and Healer","floor":24,"turns":4},{"damage":7,"enemies":"Shelled Parasite and Fungi","floor":27,"turns":2},{"damage":0,"enemies":"3 Cultists","floor":28,"turns":3},{"damage":0,"enemies":"Slavers","floor":30,"turns":3},{"damage":17,"enemies":"Snake Plant","floor":31,"turns":4},{"damage":25,"enemies":"Champ","floor":33,"turns":6},{"damage":5,"enemies":"Orb Walker","floor":35,"turns":3},{"damage":18,"enemies":"2 Orb Walkers","floor":37,"turns":2},{"damage":18,"enemies":"3 Shapes","floor":39,"turns":7},{"damage":0,"enemies":"Nemesis","floor":40,"turns":5},{"damage":0,"enemies":"Giant Head","floor":42,"turns":3},{"damage":0,"enemies":"Writhing Mass","floor":44,"turns":5},{"damage":0,"enemies":"Reptomancer","floor":46,"turns":4},{"damage":4,"enemies":"4 Shapes","floor":48,"turns":4},{"damage":0,"enemies":"Time Eater","floor":50,"turns":4},{"damage":36,"enemies":"Awakened One","floor":51,"turns":8},{"damage":0,"enemies":"Shield and Spear","floor":55,"turns":3},{"damage":18,"enemies":"The Heart","floor":56,"turns":6}],"seed_played":"253237499669434044","potions_obtained":[{"floor":0,"key":"Weak Potion"},{"floor":1,"key":"LiquidBronze"},{"floor":12,"key":"Dexterity Potion"},{"floor":18,"key":"Ambrosia"},{"floor":19,"key":"Block Potion"},{"floor":20,"key":"ColorlessPotion"},{"floor":39,"key":"Weak Potion"},{"floor":44,"key":"Weak Potion"},{"floor":46,"key":"Dexterity Potion"}],"is_trial":false,"path_per_floor":["M","$","?","M","M","R","E","R","T","E","M","E","M","$","R","B",null,"M","M","M","$","?","R","M","R","T","M","M","R","E","M","R","B",null,"M","?","?","$","M","E","R","E","T","M","T","E","R","M","R","B","B",null,"R","$","E","B",null],"character_chosen":"WATCHER","items_purchased":["SignatureMove","TalkToTheHand","Bag of Preparation","FossilizedHelix","DollysMirror","SashWhip","Adaptation","Block Potion"],"campfire_rested":1,"item_purchase_floors":[2,14,21,38,38,38,54,54],"current_hp_per_floor":[54,54,54,54,54,54,42,42,42,26,26,21,21,21,21,25,61,61,58,62,62,62,62,62,62,62,55,57,57,62,47,47,24,65,60,60,42,42,26,31,31,31,31,33,33,40,40,38,38,38,7,67,87,87,87,69],"gold":117,"neow_bonus":"BOSS_RELIC","is_prod":false,"is_daily":false,"chose_seed":false,"campfire_upgraded":7,"win_rate":0,"timestamp":1646167591,"path_taken":["M","$","?","M","M","R","E","R","T","E","M","E","M","$","R","BOSS","M","?","M","$","?","R","M","R","T","?","M","R","E","M","R","BOSS","M","?","?","$","M","E","R","E","T","M","?","E","R","?","R","BOSS","BOSS","R","$","E","BOSS"],"build_version":"2022-02-27","purchased_purges":3,"victory":true,"max_hp_per_floor":[73,73,73,73,73,73,73,73,73,73,73,73,73,73,73,73,73,73,73,73,73,73,73,73,73,73,73,75,75,75,77,77,79,79,79,79,79,79,81,81,81,81,81,83,83,85,85,87,87,87,87,87,87,87,87,87],"relic_stats":{"Girya":2,"Calipers":[84],"Singing Bowl":14,"counters":[30,118],"Blue Candle":[0],"Bag of Preparation":[36],"Ancient Tea Set":[20],"Nunchaku":[32],"Shuriken":[25],"Art of War":[5],"obtain_stats":[{"Girya":30,"Tiny House":0,"Calipers":55,"Singing Bowl":26,"Blue Candle":45,"Damaru":40,"Bag of Preparation":21,"Ancient Tea Set":7,"Empty Cage":17,"Old Coin":37,"SlaversCollar":34,"Nunchaku":12,"HornCleat":42,"DollysMirror":38,"Shuriken":46,"Art of War":9,"PureWater":0,"Toy Ornithopter":10,"FossilizedHelix":38},{"Girya":16,"Tiny House":0,"Calipers":29,"Singing Bowl":13,"Blue Candle":24,"Damaru":22,"Bag of Preparation":12,"Ancient Tea Set":4,"Empty Cage":9,"Old Coin":20,"SlaversCollar":18,"Nunchaku":7,"HornCleat":23,"DollysMirror":20,"Shuriken":25,"Art of War":4,"PureWater":0,"Toy Ornithopter":5,"FossilizedHelix":20},{"Girya":54,"Tiny House":0,"Calipers":112,"Singing Bowl":46,"Blue Candle":89,"Damaru":81,"Bag of Preparation":42,"Ancient Tea Set":13,"Empty Cage":31,"Old Coin":69,"SlaversCollar":64,"Nunchaku":22,"HornCleat":84,"DollysMirror":69,"Shuriken":93,"Art of War":13,"PureWater":0,"Toy Ornithopter":16,"FossilizedHelix":69}],"Toy Ornithopter":35,"FossilizedHelix":[104]},"card_choices":[{"not_picked":["Pray","InnerPeace"],"picked":"CutThroughFate","floor":0},{"not_picked":["MentalFortress","Halt"],"picked":"FlurryOfBlows","floor":1},{"not_picked":["FlyingSleeves","Perseverance"],"picked":"Adaptation","floor":4},{"not_picked":["EmptyFist","Prostrate"],"picked":"Consecrate","floor":5},{"not_picked":["ThirdEye","WheelKick"],"picked":"JustLucky","floor":7},{"not_picked":["Ragnarok","ReachHeaven"],"picked":"ForeignInfluence","floor":10},{"not_picked":["CutThroughFate","FlyingSleeves","JustLucky"],"picked":"SKIP","floor":11},{"not_picked":["FlyingSleeves","Collect"],"picked":"Wireheading","floor":12},{"not_picked":["Conclude","ClearTheMind","WreathOfFlame"],"picked":"SKIP","floor":13},{"not_picked":["Brilliance","DevaForm"],"picked":"Devotion","floor":16},{"not_picked":["Conclude","FearNoEvil"],"picked":"Prostrate","floor":18},{"not_picked":["JustLucky","FlyingSleeves"],"picked":"ClearTheMind+1","floor":19},{"not_picked":["Study","Protect"],"picked":"Tantrum+1","floor":20},{"not_picked":["DeceiveReality","MasterReality"],"picked":"CutThroughFate+1","floor":24},{"not_picked":["WheelKick","EmptyMind"],"picked":"CrushJoints+1","floor":27},{"not_picked":["Prostrate","CarveReality","ThirdEye"],"picked":"Singing Bowl","floor":28},{"not_picked":["EmptyBody","BowlingBash+1"],"picked":"Worship","floor":30},{"not_picked":["Swivel","Halt","Protect"],"picked":"Singing Bowl","floor":31},{"not_picked":["Judgement","LessonLearned","Ragnarok"],"picked":"Singing Bowl","floor":33},{"not_picked":["CutThroughFate","SandsOfTime"],"picked":"ThirdEye","floor":35},{"not_picked":["WreathOfFlame","Vengeance"],"picked":"Prostrate+1","floor":37},{"not_picked":["FlyingSleeves","Protect","LikeWater+1"],"picked":"Singing Bowl","floor":39},{"not_picked":["CutThroughFate","Wireheading"],"picked":"ThirdEye+1","floor":40},{"not_picked":["Wish","Blasphemy"],"picked":"FearNoEvil+1","floor":42},{"not_picked":["EmptyFist","ClearTheMind","Protect"],"picked":"Singing Bowl","floor":44},{"not_picked":["WreathOfFlame","Evaluate","Prostrate"],"picked":"Singing Bowl","floor":46},{"not_picked":["Crescendo","EmptyFist+1","BowlingBash"],"picked":"Singing Bowl","floor":48},{"not_picked":["Pray","TalkToTheHand"],"picked":"Meditate","floor":55}],"player_experience":6352656,"relics_obtained":[{"floor":7,"key":"Ancient Tea Set"},{"floor":9,"key":"Art of War"},{"floor":10,"key":"Toy Ornithopter"},{"floor":12,"key":"Nunchaku"},{"floor":26,"key":"Singing Bowl"},{"floor":30,"key":"Girya"},{"floor":37,"key":"Old Coin"},{"floor":40,"key":"Damaru"},{"floor":42,"key":"HornCleat"},{"floor":45,"key":"Blue Candle"},{"floor":46,"key":"Shuriken"},{"floor":55,"key":"Calipers"}],"event_choices":[{"damage_healed":0,"gold_gain":50,"player_choice":"Pray","damage_taken":0,"max_hp_gain":0,"max_hp_loss":0,"event_name":"Golden Shrine","floor":3,"gold_loss":0},{"cards_removed":["Defend_P"],"damage_healed":0,"gold_gain":0,"player_choice":"Offered Basic","damage_taken":0,"max_hp_gain":0,"max_hp_loss":0,"event_name":"Bonfire Elementals","floor":22,"gold_loss":0},{"cards_removed":["Wireheading"],"damage_healed":0,"gold_gain":0,"player_choice":"Removed Power","damage_taken":0,"max_hp_gain":0,"max_hp_loss":0,"event_name":"Falling","floor":36,"gold_loss":0},{"damage_healed":0,"gold_gain":0,"player_choice":"Fight","damage_taken":0,"max_hp_gain":0,"max_hp_loss":0,"event_name":"Mysterious Sphere","floor":37,"gold_loss":0}],"is_beta":false,"boss_relics":[{"not_picked":["Pandora\u0027s Box","Runic Dome"],"picked":"Empty Cage"},{"not_picked":["Philosopher\u0027s Stone","Busted Crown"],"picked":"SlaversCollar"}],"items_purged_floors":[2,14,38],"is_endless":false,"potions_floor_spawned":[1,10,12,18,19,20,39,44,46,55],"ascension_level":20}