{"gold_per_floor":[118,393,74,44,55,89,109,139,139,139,154,167,167,185,185,256,256,271,283,293,66,80,130,130,158,240,269,144,144,155,189,189,260,260,270,37,54,54,54,54,70,104,104,138,154,171,21,0,0,0,0,0,0,0,34,34],"floor_reached":56,"playtime":6031,"items_purged":["Regret","Defend_P","Writhe","Pain"],"score":2204,"play_id":"0f357053-2d90-4ead-b99e-3613ff69602b","local_time":"20220310161007","is_ascension_mode":true,"campfire_choices":[{"data":"Eruption","floor":10,"key":"SMITH"},{"data":"CrushJoints","floor":13,"key":"SMITH"},{"data":"Vigilance","floor":15,"key":"SMITH"},{"data":"MentalFortress","floor":24,"key":"SMITH"},{"data":"Devotion","floor":29,"key":"SMITH"},{"data":"Pray","floor":32,"key":"SMITH"},{"data":"Apotheosis","floor":40,"key":"SMITH"},{"floor":49,"key":"RECALL"},{"floor":53,"key":"REST"}],"neow_cost":"NONE","seed_source_timestamp":1197432802661400,"circlet_count":0,"master_deck":["AscendersBane","Strike_P+1","Strike_P","Strike_P","Strike_P","Defend_P","Defend_P","Defend_P","Eruption+1","Vigilance+1","EmptyFist+1","CrushJoints+1","Brilliance","CutThroughFate","Devotion+1","Wireheading","CutThroughFate","MentalFortress+1","FearNoEvil","Vengeance+1","Worship","Pray+1","Omniscience","CurseOfTheBell","WheelKick","ThirdEye","Apotheosis+1","JustLucky","Finesse","Trip","Flash of Steel","Wallop","Prostrate","CutThroughFate+1","JustLucky+1"],"relics":["Cursed Key","Whetstone","Damaru","Bag of Preparation","SlaversCollar","Gremlin Horn","Pear","InkBottle","Meat on the Bone","Calling Bell","Potion Belt","Kunai","GoldenEye","Art of War","Boot","Red Mask","StrikeDummy"],"potions_floor_usage":[6,8,19,27,31,44,46,55,56,56],"damage_taken":[{"damage":1,"enemies":"Small Slimes","floor":1,"turns":4},{"damage":0,"enemies":"Cultist","floor":5,"turns":3},{"damage":17,"enemies":"3 Sentries","floor":6,"turns":8},{"damage":0,"enemies":"2 Louse","floor":7,"turns":2},{"damage":0,"enemies":"Gremlin Nob","floor":8,"turns":2},{"damage":0,"enemies":"Exordium Wildlife","floor":11,"turns":2},{"damage":0,"enemies":"Gremlin Gang","floor":12,"turns":3},{"damage":0,"enemies":"Exordium Thugs","floor":14,"turns":2},{"damage":17,"enemies":"The Guardian","floor":16,"turns":6},{"damage":0,"enemies":"Chosen","floor":18,"turns":3},{"damage":0,"enemies":"Spheric Guardian","floor":19,"turns":2},{"damage":21,"enemies":"Cultist and Chosen","floor":20,"turns":4},{"damage":0,"enemies":"3 Cultists","floor":22,"turns":4},{"damage":13,"enemies":"Gremlin Leader","floor":25,"turns":4},{"damage":0,"enemies":"Book of Stabbing","floor":27,"turns":2},{"damage":3,"enemies":"Snake Plant","floor":30,"turns":3},{"damage":0,"enemies":"Slavers","floor":31,"turns":3},{"damage":10,"enemies":"Automaton","floor":33,"turns":5},{"damage":11,"enemies":"Orb Walker","floor":35,"turns":2},{"damage":0,"enemies":"3 Darklings","floor":37,"turns":5},{"damage":3,"enemies":"Sphere and 2 Shapes","floor":41,"turns":5},{"damage":0,"enemies":"Reptomancer","floor":42,"turns":4},{"damage":23,"enemies":"Nemesis","floor":44,"turns":3},{"damage":29,"enemies":"Spire Growth","floor":45,"turns":5},{"damage":9,"enemies":"Jaw Worm Horde","floor":46,"turns":3},{"damage":16,"enemies":"Donu and Deca","floor":50,"turns":8},{"damage":4,"enemies":"Awakened One","floor":51,"turns":5},{"damage":18,"enemies":"Shield and Spear","floor":55,"turns":5},{"damage":57,"enemies":"The Heart","floor":56,"turns":5}],"seed_played":"2046660466410436750","potions_obtained":[{"floor":4,"key":"DistilledChaos"},{"floor":6,"key":"Regen Potion"},{"floor":14,"key":"SkillPotion"},{"floor":16,"key":"Fire Potion"},{"floor":22,"key":"Ambrosia"},{"floor":27,"key":"DistilledChaos"},{"floor":35,"key":"SteroidPotion"},{"floor":41,"key":"Fire Potion"},{"floor":44,"key":"Ancient Potion"},{"floor":46,"key":"LiquidBronze"}],"is_trial":false,"path_per_floor":["M","?","$","?","M","E","M","E","T","R","M","M","R","M","R","B",null,"M","M","M","$","M","?","R","E","T","E","$","R","M","E","R","B",null,"M","$","M","?","?","R","M","E","T","E","M","M","$","?","R","B","B",null,"R","$","E","B"],"character_chosen":"WATCHER","items_purchased":["CrushJoints","FearPotion","Whetstone","MentalFortress","FearNoEvil","ThirdEye","Apotheosis"],"campfire_rested":1,"item_purchase_floors":[3,3,3,21,21,36,36],"current_hp_per_floor":[60,60,60,60,60,43,43,43,43,43,43,43,43,43,43,26,58,58,63,42,42,42,36,36,23,33,33,33,33,30,30,30,32,67,56,56,56,46,46,46,43,43,43,32,15,18,18,18,18,14,22,61,74,74,56,0],"gold":34,"neow_bonus":"BOSS_RELIC","is_prod":false,"is_daily":false,"chose_seed":false,"campfire_upgraded":7,"win_rate":0,"timestamp":1646946607,"path_taken":["M","?","$","?","M","E","?","E","T","R","M","M","R","M","R","BOSS","M","M","M","$","M","?","R","E","T","E","$","R","?","E","R","BOSS","M","$","M","?","?","R","M","E","T","E","M","M","$","?","R","BOSS","BOSS","R","$","E","BOSS"],"build_version":"2022-03-07","purchased_purges":4,"victory":false,"max_hp_per_floor":[68,68,68,68,68,68,68,68,68,68,68,68,68,68,68,68,68,68,68,68,68,68,68,68,68,78,78,78,78,78,78,78,78,78,78,78,78,78,74,74,74,74,74,74,74,74,74,74,74,74,74,74,74,74,74,74],"relic_stats":{"Gremlin Horn":[21,21],"counters":[29,112],"Bag of Preparation":[48],"Art of War":[0],"Whetstone":["Strike_P","EmptyFist"],"Kunai":[32],"Cursed Key":2,"GoldenEye":[132],"Boot":[12],"obtain_stats":[{"Potion Belt":34,"Pear":26,"Gremlin Horn":25,"Damaru":6,"Bag of Preparation":8,"Whetstone":3,"Cursed Key":0,"GoldenEye":34,"Boot":44,"Calling Bell":34,"SlaversCollar":17,"Art of War":42,"Red Mask":48,"Kunai":34,"PureWater":0,"StrikeDummy":55,"InkBottle":27,"Meat on the Bone":31},{"Potion Belt":18,"Pear":14,"Gremlin Horn":14,"Damaru":3,"Bag of Preparation":5,"Whetstone":1,"Cursed Key":0,"GoldenEye":18,"Boot":23,"Calling Bell":18,"SlaversCollar":9,"Art of War":22,"Red Mask":25,"Kunai":18,"PureWater":0,"StrikeDummy":28,"InkBottle":15,"Meat on the Bone":17},{"Potion Belt":62,"Pear":49,"Gremlin Horn":49,"Damaru":15,"Bag of Preparation":19,"Whetstone":4,"Cursed Key":0,"GoldenEye":62,"Boot":81,"Calling Bell":62,"SlaversCollar":32,"Art of War":78,"Red Mask":89,"Kunai":62,"PureWater":0,"StrikeDummy":107,"InkBottle":51,"Meat on the Bone":57}],"InkBottle":[35],"Meat on the Bone":72},"card_choices":[{"not_picked":["Consecrate","ClearTheMind"],"picked":"EmptyFist","floor":1},{"not_picked":["Perseverance","CrushJoints","Protect"],"picked":"SKIP","floor":5},{"not_picked":["Consecrate","WreathOfFlame"],"picked":"Brilliance","floor":6},{"not_picked":["SashWhip","FollowUp"],"picked":"CutThroughFate","floor":7},{"not_picked":["JustLucky","ClearTheMind","Protect"],"picked":"SKIP","floor":8},{"not_picked":["ClearTheMind","FollowUp","Evaluate"],"picked":"SKIP","floor":11},{"not_picked":["MasterReality","EmptyFist","ClearTheMind"],"picked":"SKIP","floor":12},{"not_picked":["MasterReality","EmptyFist","ClearTheMind"],"picked":"SKIP","floor":12},{"not_picked":["SashWhip","FlurryOfBlows","Crescendo"],"picked":"SKIP","floor":14},{"not_picked":["Judgement","SpiritShield"],"picked":"Devotion","floor":16},{"not_picked":["Study","Evaluate"],"picked":"Wireheading","floor":18},{"not_picked":["Protect","PathToVictory"],"picked":"CutThroughFate","floor":19},{"not_picked":["EmptyBody","CrushJoints","CutThroughFate"],"picked":"SKIP","floor":20},{"not_picked":["CutThroughFate","Halt"],"picked":"Vengeance+1","floor":22},{"not_picked":["PathToVictory+1","Study","Halt"],"picked":"SKIP","floor":25},{"not_picked":["Conclude","SignatureMove"],"picked":"Worship","floor":27},{"not_picked":["Consecrate","CrushJoints"],"picked":"Pray","floor":30},{"not_picked":["Establishment","WreathOfFlame","CrushJoints"],"picked":"SKIP","floor":31},{"not_picked":["Wish","DevaForm"],"picked":"Omniscience","floor":33},{"not_picked":["Crescendo","Evaluate"],"picked":"WheelKick","floor":35},{"not_picked":["Halt","FearNoEvil"],"picked":"JustLucky","floor":37},{"not_picked":["Bandage Up","Dark Shackles"],"picked":"Finesse","floor":38},{"not_picked":["Bandage Up","Mind Blast"],"picked":"Trip","floor":38},{"not_picked":["Apotheosis","Magnetism"],"picked":"Flash of Steel","floor":38},{"not_picked":["ClearTheMind","ReachHeaven"],"picked":"Wallop","floor":41},{"not_picked":["FollowUp","BattleHymn","SignatureMove"],"picked":"SKIP","floor":42},{"not_picked":["ClearTheMind+1","Consecrate+1"],"picked":"Prostrate","floor":44},{"not_picked":["WreathOfFlame","Meditate"],"picked":"CutThroughFate+1","floor":45},{"not_picked":["EmptyBody","EmptyFist"],"picked":"JustLucky+1","floor":46},{"not_picked":["Evaluate","Indignation","Worship+1"],"picked":"SKIP","floor":55}],"player_experience":6438095,"relics_obtained":[{"floor":6,"key":"Damaru"},{"floor":8,"key":"Bag of Preparation"},{"floor":25,"key":"Gremlin Horn"},{"floor":26,"key":"Pear"},{"floor":27,"key":"InkBottle"},{"floor":31,"key":"Meat on the Bone"},{"floor":34,"key":"Potion Belt"},{"floor":34,"key":"Kunai"},{"floor":34,"key":"GoldenEye"},{"floor":42,"key":"Art of War"},{"floor":44,"key":"Boot"},{"floor":55,"key":"StrikeDummy"}],"event_choices":[{"damage_healed":0,"gold_gain":275,"player_choice":"Desecrate","damage_taken":0,"max_hp_gain":0,"max_hp_loss":0,"event_name":"Golden Shrine","floor":2,"gold_loss":0,"cards_obtained":["Regret"]},{"damage_healed":0,"gold_gain":0,"player_choice":"Bought 2 Potions","damage_taken":0,"max_hp_gain":0,"max_hp_loss":0,"event_name":"The Woman in Blue","floor":4,"gold_loss":0},{"damage_healed":0,"gold_gain":50,"player_choice":"Touch","damage_taken":6,"max_hp_gain":0,"max_hp_loss":0,"event_name":"FaceTrader","floor":23,"gold_loss":0},{"damage_healed":0,"gold_gain":0,"player_choice":"Memory 3","damage_taken":10,"max_hp_gain":0,"max_hp_loss":0,"event_name":"SensoryStone","floor":38,"gold_loss":0},{"damage_healed":0,"gold_gain":0,"player_choice":"Max HP","damage_taken":0,"max_hp_gain":0,"max_hp_loss":4,"event_name":"Winding Halls","floor":39,"gold_loss":0},{"damage_healed":0,"gold_gain":0,"player_choice":"Paid","damage_taken":0,"relics_obtained":["Red Mask"],"max_hp_gain":0,"max_hp_loss":0,"event_name":"Tomb of Lord Red Mask","floor":48,"gold_loss":21}],"is_beta":false,"boss_relics":[{"not_picked":["Tiny House","VioletLotus"],"picked":"SlaversCollar"},{"not_picked":["Fusion Hammer","Snecko Eye"],"picked":"Calling Bell"}],"items_purged_floors":[3,21,28,47],"is_endless":false,"potions_floor_spawned":[6,14,16,22,25,27,35,41,44,46],"killed_by":"The Heart","ascension_level":20}