{"gold_per_floor":[118,130,143,143,29,29,64,83,133,167,9,39,39,53,53,132,132,149,165,191,201,12,37,54,54,54,54,54,104,138,149,149,228,228,241,251,271,287,287,312,325,325,325,344,359,386,396,421,421,421,421,421,421,58,91,91],"floor_reached":57,"playtime":4963,"items_purged":["Defend_P","PathToVictory+1","Consecrate+1"],"score":3337,"play_id":"7c3d7d41-df0f-4abd-b577-e9b8f1cade96","local_time":"20220308153830","is_ascension_mode":true,"campfire_choices":[{"data":"Eruption","floor":6,"key":"SMITH"},{"data":"Consecrate","floor":15,"key":"SMITH"},{"data":"Devotion","floor":25,"key":"SMITH"},{"data":"SignatureMove","floor":28,"key":"SMITH"},{"data":"Study","floor":32,"key":"SMITH"},{"floor":49,"key":"RECALL"},{"data":"ReachHeaven+1","floor":53,"key":"PURGE"}],"neow_cost":"NONE","seed_source_timestamp":1023788106776600,"circlet_count":0,"master_deck":["AscendersBane","Eruption+1","Vigilance+1","Meditate+1","Indignation","CutThroughFate","CutThroughFate","Vault+1","Sanctity+1","SignatureMove+1","Worship+1","Study+1","Devotion+1","Wireheading","Deep Breath+1","Pray+1","Necronomicurse","EmptyMind+1","Scrawl+1","InnerPeace+1","Madness+1","Madness+1","EmptyMind+1","ThirdEye+1","Secret Technique+1","ThirdEye+1"],"relics":["Coffee Dripper","War Paint","MealTicket","Sundial","TheAbacus","Toxic Egg 2","Pandora\u0027s Box","Red Mask","Toy Ornithopter","Singing Bowl","Necronomicon","Boot","Fusion Hammer","Eternal Feather","StrikeDummy","Peace Pipe","TungstenRod","Pear"],"potions_floor_usage":[30,35,45,56],"damage_taken":[{"damage":0,"enemies":"Cultist","floor":1,"turns":3},{"damage":0,"enemies":"Jaw Worm","floor":2,"turns":3},{"damage":0,"enemies":"Small Slimes","floor":3,"turns":3},{"damage":12,"enemies":"Lagavulin","floor":7,"turns":5},{"damage":0,"enemies":"2 Fungi Beasts","floor":8,"turns":3},{"damage":8,"enemies":"Gremlin Nob","floor":10,"turns":3},{"damage":5,"enemies":"3 Sentries","floor":12,"turns":3},{"damage":6,"enemies":"Looter","floor":14,"turns":2},{"damage":0,"enemies":"Slime Boss","floor":16,"turns":3},{"damage":0,"enemies":"Chosen","floor":18,"turns":3},{"damage":0,"enemies":"Spheric Guardian","floor":19,"turns":1},{"damage":0,"enemies":"Masked Bandits","floor":20,"turns":2},{"damage":0,"enemies":"Snecko","floor":21,"turns":3},{"damage":22,"enemies":"Book of Stabbing","floor":23,"turns":4},{"damage":0,"enemies":"3 Cultists","floor":24,"turns":3},{"damage":0,"enemies":"Gremlin Leader","floor":30,"turns":2},{"damage":0,"enemies":"Sentry and Sphere","floor":31,"turns":3},{"damage":1,"enemies":"Collector","floor":33,"turns":3},{"damage":0,"enemies":"Orb Walker","floor":35,"turns":1},{"damage":0,"enemies":"3 Darklings","floor":36,"turns":3},{"damage":0,"enemies":"Jaw Worm Horde","floor":37,"turns":2},{"damage":0,"enemies":"Transient","floor":38,"turns":5},{"damage":0,"enemies":"Reptomancer","floor":40,"turns":3},{"damage":0,"enemies":"Maw","floor":41,"turns":3},{"damage":0,"enemies":"Sphere and 2 Shapes","floor":44,"turns":3},{"damage":0,"enemies":"4 Shapes","floor":45,"turns":4},{"damage":0,"enemies":"Giant Head","floor":46,"turns":2},{"damage":0,"enemies":"Maw","floor":47,"turns":2},{"damage":15,"enemies":"Nemesis","floor":48,"turns":3},{"damage":0,"enemies":"Awakened One","floor":50,"turns":4},{"damage":0,"enemies":"Donu and Deca","floor":51,"turns":4},{"damage":10,"enemies":"Shield and Spear","floor":55,"turns":2},{"damage":46,"enemies":"The Heart","floor":56,"turns":6}],"seed_played":"-5789197378998122343","potions_obtained":[{"floor":1,"key":"PowerPotion"},{"floor":7,"key":"Explosive Potion"},{"floor":8,"key":"SkillPotion"},{"floor":10,"key":"Fire Potion"},{"floor":30,"key":"BottledMiracle"},{"floor":35,"key":"Strength Potion"},{"floor":37,"key":"BottledMiracle"},{"floor":44,"key":"Ancient Potion"},{"floor":48,"key":"FairyPotion"}],"is_trial":false,"path_per_floor":["M","M","M","T","$","R","E","M","T","E","$","E","?","M","R","B",null,"M","M","?","M","$","E","M","R","T","?","R","?","E","M","R","B",null,"M","M","M","M","?","E","M","?","T","M","M","E","M","E","R","B","B",null,"R","$","E","B",null],"character_chosen":"WATCHER","items_purchased":["Indignation","TheAbacus","Deep Breath+1","Secret Technique+1","ThirdEye+1"],"campfire_rested":0,"item_purchase_floors":[5,11,22,54,54],"current_hp_per_floor":[61,61,61,61,61,61,49,49,49,41,56,51,31,25,25,25,57,57,57,57,57,68,46,46,46,46,25,25,25,30,32,32,31,60,67,67,69,71,57,57,59,59,59,61,68,70,72,57,72,72,72,83,86,86,88,47],"gold":91,"neow_bonus":"BOSS_RELIC","is_prod":false,"is_daily":false,"chose_seed":false,"campfire_upgraded":5,"win_rate":0,"timestamp":1646771910,"path_taken":["M","M","?","?","$","R","E","M","T","E","?","E","?","M","R","BOSS","M","M","?","M","$","E","M","R","T","?","R","?","E","M","R","BOSS","M","M","?","M","?","E","M","?","T","M","M","E","M","E","R","BOSS","BOSS","R","$","E","BOSS"],"build_version":"2022-02-27","purchased_purges":3,"victory":true,"max_hp_per_floor":[68,68,68,68,68,68,68,68,68,68,68,68,68,68,68,68,68,68,68,68,68,68,68,68,68,68,68,68,68,68,70,70,70,70,72,72,74,76,76,76,78,78,78,80,82,84,86,86,86,86,86,86,86,86,98,98],"relic_stats":{"Singing Bowl":20,"counters":[33,99],"Eternal Feather":18,"War Paint":["Meditate","Vigilance"],"Boot":[16],"Peace Pipe":1,"TheAbacus":[240],"Sundial":[26],"MealTicket":26,"Pandora\u0027s Box":["Sanctity","SignatureMove","Worship","Study","Devotion","PathToVictory","Wireheading"],"Necronomicon":[30],"obtain_stats":[{"Pear":55,"Singing Bowl":26,"Eternal Feather":40,"War Paint":7,"Boot":30,"Peace Pipe":46,"TheAbacus":11,"Sundial":10,"MealTicket":9,"Pandora\u0027s Box":17,"Fusion Hammer":34,"Coffee Dripper":0,"Red Mask":20,"Necronomicon":27,"PureWater":0,"Toxic Egg 2":12,"StrikeDummy":43,"Toy Ornithopter":23,"TungstenRod":48},{"Pear":32,"Singing Bowl":15,"Eternal Feather":23,"War Paint":4,"Boot":16,"Peace Pipe":27,"TheAbacus":6,"Sundial":6,"MealTicket":5,"Pandora\u0027s Box":9,"Fusion Hammer":18,"Coffee Dripper":0,"Red Mask":12,"Necronomicon":15,"PureWater":0,"Toxic Egg 2":7,"StrikeDummy":24,"Toy Ornithopter":14,"TungstenRod":29},{"Pear":93,"Singing Bowl":44,"Eternal Feather":66,"War Paint":14,"Boot":46,"Peace Pipe":78,"TheAbacus":20,"Sundial":20,"MealTicket":17,"Pandora\u0027s Box":28,"Fusion Hammer":52,"Coffee Dripper":0,"Red Mask":34,"Necronomicon":44,"PureWater":0,"Toxic Egg 2":23,"StrikeDummy":69,"Toy Ornithopter":41,"TungstenRod":83}],"Toy Ornithopter":20,"TungstenRod":29},"card_choices":[{"not_picked":["Pray","Evaluate"],"picked":"Consecrate","floor":1},{"not_picked":["Evaluate","Crescendo"],"picked":"ReachHeaven","floor":2},{"not_picked":["Weave","InnerPeace"],"picked":"Meditate","floor":3},{"not_picked":["InnerPeace","EmptyBody"],"picked":"FearNoEvil","floor":7},{"not_picked":["JustLucky","ClearTheMind"],"picked":"CutThroughFate","floor":8},{"not_picked":["CrushJoints","Crescendo"],"picked":"CutThroughFate","floor":10},{"not_picked":["Swivel+1","LikeWater","JustLucky"],"picked":"SKIP","floor":12},{"not_picked":["Vengeance+1","WindmillStrike","JustLucky"],"picked":"SKIP","floor":14},{"not_picked":["ConjureBlade+1","Ragnarok"],"picked":"Vault+1","floor":16},{"not_picked":["Crescendo+1","Weave","ClearTheMind+1"],"picked":"SKIP","floor":18},{"not_picked":["Crescendo+1","Weave","ClearTheMind+1"],"picked":"SKIP","floor":18},{"not_picked":["CrushJoints","ClearTheMind+1","WheelKick"],"picked":"SKIP","floor":19},{"not_picked":["Evaluate+1","Perseverance+1","Consecrate"],"picked":"SKIP","floor":21},{"not_picked":["Nirvana","FlurryOfBlows+1"],"picked":"Pray+1","floor":23},{"not_picked":["ClearTheMind+1","BowlingBash","DeceiveReality+1"],"picked":"SKIP","floor":24},{"not_picked":["WreathOfFlame+1","FlurryOfBlows"],"picked":"EmptyMind+1","floor":30},{"not_picked":["MasterReality","FlurryOfBlows","Protect+1"],"picked":"Singing Bowl","floor":31},{"not_picked":["MasterReality","ConjureBlade+1"],"picked":"Scrawl+1","floor":33},{"not_picked":["BattleHymn","Indignation+1","FearNoEvil"],"picked":"Singing Bowl","floor":35},{"not_picked":["Sanctity+1","Prostrate+1"],"picked":"InnerPeace+1","floor":36},{"not_picked":["FollowUp","SandsOfTime","Protect+1"],"picked":"Singing Bowl","floor":37},{"not_picked":["ForeignInfluence+1","SashWhip","Protect+1"],"picked":"Singing Bowl","floor":38},{"not_picked":["FlurryOfBlows+1","JustLucky"],"picked":"EmptyMind+1","floor":40},{"not_picked":["Alpha+1","ForeignInfluence+1","Wireheading"],"picked":"Singing Bowl","floor":41},{"not_picked":["Tantrum","EmptyBody+1","Wireheading"],"picked":"Singing Bowl","floor":44},{"not_picked":["CrushJoints","Fasting2+1","Consecrate"],"picked":"Singing Bowl","floor":45},{"not_picked":["EmptyBody+1","Study+1","Prostrate+1"],"picked":"Singing Bowl","floor":46},{"not_picked":["ClearTheMind+1","FearNoEvil","Indignation+1"],"picked":"Singing Bowl","floor":47},{"not_picked":["Halt+1","Evaluate+1"],"picked":"ThirdEye+1","floor":48},{"not_picked":["PathToVictory+1","EmptyMind+1","ThirdEye+1"],"picked":"Singing Bowl","floor":55}],"player_experience":6417116,"relics_obtained":[{"floor":7,"key":"War Paint"},{"floor":9,"key":"MealTicket"},{"floor":10,"key":"Sundial"},{"floor":12,"key":"Toxic Egg 2"},{"floor":20,"key":"Red Mask"},{"floor":23,"key":"Toy Ornithopter"},{"floor":26,"key":"Singing Bowl"},{"floor":27,"key":"Necronomicon"},{"floor":30,"key":"Boot"},{"floor":40,"key":"Eternal Feather"},{"floor":43,"key":"StrikeDummy"},{"floor":46,"key":"Peace Pipe"},{"floor":48,"key":"TungstenRod"},{"floor":55,"key":"Pear"}],"event_choices":[{"damage_healed":0,"gold_gain":0,"player_choice":"Entered Light","damage_taken":20,"max_hp_gain":0,"max_hp_loss":0,"event_name":"Shining Light","floor":13,"gold_loss":0,"cards_upgraded":["FearNoEvil","ReachHeaven"]},{"damage_healed":0,"gold_gain":0,"player_choice":"Fought Bandits","damage_taken":0,"max_hp_gain":0,"max_hp_loss":0,"event_name":"Masked Bandits","floor":20,"gold_loss":0},{"damage_healed":0,"gold_gain":0,"player_choice":"Obtained Book","damage_taken":21,"max_hp_gain":0,"max_hp_loss":0,"event_name":"Cursed Tome","floor":27,"gold_loss":0},{"damage_healed":0,"gold_gain":50,"player_choice":"Pray","damage_taken":0,"max_hp_gain":0,"max_hp_loss":0,"event_name":"Golden Shrine","floor":29,"gold_loss":0},{"damage_healed":0,"gold_gain":0,"player_choice":"Embrace Madness","damage_taken":14,"max_hp_gain":0,"max_hp_loss":0,"event_name":"Winding Halls","floor":39,"gold_loss":0,"cards_obtained":["Madness","Madness"]},{"cards_removed":["FearNoEvil"],"damage_healed":0,"gold_gain":0,"player_choice":"Removed Attack","damage_taken":0,"max_hp_gain":0,"max_hp_loss":0,"event_name":"Falling","floor":42,"gold_loss":0}],"is_beta":false,"boss_relics":[{"not_picked":["Black Star","Astrolabe"],"picked":"Pandora\u0027s Box"},{"not_picked":["Busted Crown","Sozu"],"picked":"Fusion Hammer"}],"items_purged_floors":[5,22,54],"is_endless":false,"potions_floor_spawned":[1,7,8,10,19,30,33,35,37,44,48,55],"ascension_level":20}