{"gold_per_floor":[119,119,131,146,71,71,105,125,125,125,140,165,177,189,201,284,296,319,381,71,71,71,71,106,106,106,131,144,179,179,197,197,268,268,288,288,342,362,375,405,228,253,253,288,301,334,334,366,366,366,366,366,366,103,137,137],"floor_reached":57,"playtime":3188,"items_purged":["Defend_P","Defend_P"],"score":3868,"play_id":"cb4ce85f-4ff6-4c6d-b407-cdecd97cf9f6","local_time":"20220302163639","is_ascension_mode":true,"campfire_choices":[{"data":"ForeignInfluence","floor":6,"key":"SMITH"},{"data":"Tantrum","floor":10,"key":"SMITH"},{"data":"ThirdEye","floor":13,"key":"SMITH"},{"data":"CutThroughFate","floor":15,"key":"SMITH"},{"data":"Ragnarok","floor":23,"key":"SMITH"},{"data":"TalkToTheHand","floor":30,"key":"SMITH"},{"data":"Ragnarok","floor":32,"key":"SMITH"},{"floor":49,"key":"RECALL"},{"floor":53,"key":"REST"}],"neow_cost":"NONE","seed_source_timestamp":510647916326400,"circlet_count":0,"master_deck":["AscendersBane","Strike_P","Strike_P","Strike_P","Defend_P+1","Defend_P","Eruption+1","Vigilance+1","FollowUp","ForeignInfluence+1","Tantrum+1","FearNoEvil","CutThroughFate+1","ThirdEye+1","Regret","Ragnarok+1","Blasphemy","WaveOfTheHand+1","Necronomicurse","Shame","Tantrum","Ragnarok+1","TalkToTheHand+1","ThirdEye+1","DevaForm+1","EmptyBody+1","SpiritShield","MentalFortress+1","Meditate","Omniscience","ThirdEye+1","Meditate","AscendersBane","Ragnarok"],"relics":["Black Star","Pantograph","FossilizedHelix","Du-Vu Doll","Frozen Egg 2","MawBank","Bag of Marbles","Snecko Eye","Orrery","Lantern","Necronomicon","Oddly Smooth Stone","HornCleat","Matryoshka","Eternal Feather","Singing Bowl","Regal Pillow","Pen Nib","CloakClasp","Fusion Hammer","Pocketwatch","Pear","Lizard Tail","Unceasing Top","War Paint","Anchor","Bag of Preparation","Mercury Hourglass","MealTicket","Dream Catcher","Bronze Scales","Strawberry","DollysMirror","Damaru","InkBottle"],"potions_floor_usage":[7],"damage_taken":[{"damage":12,"enemies":"Jaw Worm","floor":1,"turns":3},{"damage":0,"enemies":"Cultist","floor":3,"turns":4},{"damage":7,"enemies":"Small Slimes","floor":4,"turns":2},{"damage":0,"enemies":"3 Sentries","floor":7,"turns":2},{"damage":0,"enemies":"Blue Slaver","floor":8,"turns":1},{"damage":0,"enemies":"Exordium Wildlife","floor":11,"turns":2},{"damage":0,"enemies":"Lagavulin","floor":12,"turns":2},{"damage":0,"enemies":"Slime Boss","floor":16,"turns":3},{"damage":0,"enemies":"Chosen","floor":18,"turns":1},{"damage":0,"enemies":"Slavers","floor":24,"turns":1},{"damage":0,"enemies":"Gremlin Leader","floor":27,"turns":1},{"damage":0,"enemies":"Shell Parasite","floor":28,"turns":1},{"damage":0,"enemies":"Book of Stabbing","floor":29,"turns":1},{"damage":0,"enemies":"Chosen and Byrds","floor":31,"turns":2},{"damage":0,"enemies":"Champ","floor":33,"turns":2},{"damage":0,"enemies":"Orb Walker","floor":35,"turns":1},{"damage":0,"enemies":"2 Orb Walkers","floor":37,"turns":1},{"damage":0,"enemies":"3 Shapes","floor":38,"turns":1},{"damage":0,"enemies":"Spire Growth","floor":39,"turns":1},{"damage":0,"enemies":"Reptomancer","floor":40,"turns":3},{"damage":0,"enemies":"Mind Bloom Boss Battle","floor":42,"turns":2},{"damage":0,"enemies":"Giant Head","floor":44,"turns":4},{"damage":0,"enemies":"Maw","floor":45,"turns":2},{"damage":0,"enemies":"Nemesis","floor":46,"turns":1},{"damage":0,"enemies":"Reptomancer","floor":48,"turns":1},{"damage":0,"enemies":"Awakened One","floor":50,"turns":5},{"damage":0,"enemies":"Donu and Deca","floor":51,"turns":2},{"damage":0,"enemies":"Shield and Spear","floor":55,"turns":1},{"damage":12,"enemies":"The Heart","floor":56,"turns":6}],"seed_played":"-5897926496847048016","potions_obtained":[{"floor":1,"key":"SteroidPotion"},{"floor":3,"key":"Energy Potion"},{"floor":11,"key":"Weak Potion"},{"floor":18,"key":"Block Potion"}],"is_trial":false,"path_per_floor":["M","?","M","M","$","R","E","M","T","R","M","E","R","?","R","B",null,"M","?","$","?","?","R","E","?","T","E","M","E","R","M","R","B",null,"M","?","?","M","M","E","$","?","T","E","M","E","?","E","R","B","B",null,"R","$","E","B",null],"character_chosen":"WATCHER","items_purchased":["Orrery","Lantern","MentalFortress+1","DollysMirror","Ragnarok"],"campfire_rested":1,"item_purchase_floors":[20,20,41,54,54],"current_hp_per_floor":[49,49,49,42,42,42,42,42,42,42,42,42,42,42,42,67,68,68,68,68,47,47,47,47,47,47,47,47,49,64,64,70,70,70,72,72,72,74,76,86,86,88,88,90,90,90,90,97,97,97,97,97,97,97,99,87],"gold":137,"neow_bonus":"BOSS_RELIC","is_prod":false,"is_daily":false,"chose_seed":false,"campfire_upgraded":7,"win_rate":0,"timestamp":1646256999,"path_taken":["M","?","M","?","?","R","E","M","T","R","?","E","R","?","R","BOSS","M","?","$","?","?","R","E","?","T","E","M","E","R","M","R","BOSS","M","?","?","?","M","E","$","?","T","E","M","E","?","E","R","BOSS","BOSS","R","$","E","BOSS"],"build_version":"2022-02-27","purchased_purges":2,"victory":true,"max_hp_per_floor":[68,68,68,68,68,68,68,68,68,68,68,68,68,68,68,68,68,68,68,68,68,68,68,68,68,68,68,68,70,70,70,70,70,70,72,72,72,74,76,86,86,88,88,90,90,90,90,97,97,97,97,97,97,97,99,99],"relic_stats":{"Regal Pillow":0,"Singing Bowl":14,"counters":[29,59],"Eternal Feather":21,"Pen Nib":[9],"CloakClasp":[94],"Bag of Preparation":[14],"War Paint":["Defend_P","Vigilance"],"MawBank":96,"Mercury Hourglass":[82],"Lizard Tail":0,"Dream Catcher":1,"Matryoshka":2,"Pantograph":25,"Bronze Scales":[101],"Snecko Eye":[76,59,76,74,-70],"MealTicket":0,"Black Star":10,"Necronomicon":[27],"obtain_stats":[{"Lantern":20,"Regal Pillow":27,"Singing Bowl":27,"CloakClasp":29,"Bag of Preparation":44,"Lizard Tail":40,"Dream Catcher":46,"HornCleat":24,"Matryoshka":24,"DollysMirror":54,"Pantograph":7,"Strawberry":48,"MealTicket":46,"Fusion Hammer":34,"Necronomicon":21,"InkBottle":55,"Pear":40,"Oddly Smooth Stone":22,"Damaru":55,"Eternal Feather":26,"Pen Nib":29,"Frozen Egg 2":12,"War Paint":43,"MawBank":12,"Mercury Hourglass":44,"Du-Vu Doll":9,"Anchor":43,"Bronze Scales":48,"Snecko Eye":17,"Orrery":20,"Black Star":0,"Bag of Marbles":14,"PureWater":0,"FossilizedHelix":7,"Unceasing Top":42,"Pocketwatch":37},{"Lantern":9,"Regal Pillow":11,"Singing Bowl":11,"CloakClasp":13,"Bag of Preparation":22,"Lizard Tail":20,"Dream Catcher":24,"HornCleat":10,"Matryoshka":10,"DollysMirror":27,"Pantograph":4,"Strawberry":25,"MealTicket":24,"Fusion Hammer":15,"Necronomicon":9,"InkBottle":28,"Pear":20,"Oddly Smooth Stone":9,"Damaru":28,"Eternal Feather":10,"Pen Nib":13,"Frozen Egg 2":7,"War Paint":21,"MawBank":7,"Mercury Hourglass":22,"Du-Vu Doll":5,"Anchor":21,"Bronze Scales":25,"Snecko Eye":8,"Orrery":9,"Black Star":0,"Bag of Marbles":7,"PureWater":0,"FossilizedHelix":4,"Unceasing Top":21,"Pocketwatch":17},{"Lantern":20,"Regal Pillow":22,"Singing Bowl":22,"CloakClasp":24,"Bag of Preparation":41,"Lizard Tail":35,"Dream Catcher":44,"HornCleat":21,"Matryoshka":21,"DollysMirror":52,"Pantograph":11,"Strawberry":45,"MealTicket":44,"Fusion Hammer":28,"Necronomicon":20,"InkBottle":53,"Pear":35,"Oddly Smooth Stone":20,"Damaru":53,"Eternal Feather":21,"Pen Nib":24,"Frozen Egg 2":16,"War Paint":37,"MawBank":16,"Mercury Hourglass":41,"Du-Vu Doll":12,"Anchor":37,"Bronze Scales":45,"Snecko Eye":19,"Orrery":20,"Black Star":0,"Bag of Marbles":16,"PureWater":0,"FossilizedHelix":11,"Unceasing Top":37,"Pocketwatch":30}],"FossilizedHelix":[100082],"Unceasing Top":[0],"InkBottle":[3],"Pocketwatch":[29]},"card_choices":[{"not_picked":["EmptyMind","ThirdEye"],"picked":"FollowUp","floor":1},{"not_picked":["Crescendo","CrushJoints"],"picked":"ForeignInfluence","floor":3},{"not_picked":["EmptyMind","Nirvana"],"picked":"Tantrum","floor":4},{"not_picked":["Vengeance","SignatureMove"],"picked":"FearNoEvil","floor":7},{"not_picked":["PathToVictory","SignatureMove"],"picked":"CutThroughFate","floor":8},{"not_picked":["FlyingSleeves","Protect","Sanctity"],"picked":"SKIP","floor":11},{"not_picked":["FlyingSleeves","Protect"],"picked":"ThirdEye","floor":12},{"not_picked":["DeusExMachina","Judgement"],"picked":"Ragnarok","floor":16},{"not_picked":["FlurryOfBlows+1","Crescendo","SashWhip"],"picked":"SKIP","floor":18},{"not_picked":["FlurryOfBlows","FlyingSleeves+1"],"picked":"Blasphemy","floor":20},{"not_picked":["Perseverance","Protect"],"picked":"WaveOfTheHand+1","floor":20},{"not_picked":["Indignation+1","Study+1"],"picked":"Tantrum","floor":24},{"not_picked":["ClearTheMind","DeceiveReality"],"picked":"Ragnarok","floor":27},{"not_picked":["FearNoEvil+1","Adaptation+1"],"picked":"TalkToTheHand","floor":28},{"not_picked":["SandsOfTime","ClearTheMind","Prostrate"],"picked":"Singing Bowl","floor":29},{"not_picked":["CrushJoints+1","Crescendo+1"],"picked":"ThirdEye+1","floor":31},{"not_picked":["Vault","Blasphemy"],"picked":"DevaForm+1","floor":33},{"not_picked":["Halt","BowlingBash","JustLucky"],"picked":"Singing Bowl","floor":35},{"not_picked":["Collect","FollowUp"],"picked":"EmptyBody+1","floor":37},{"not_picked":["Collect+1","SashWhip","EmptyFist"],"picked":"Singing Bowl","floor":38},{"not_picked":["ThirdEye","DeceiveReality","JustLucky"],"picked":"Singing Bowl","floor":39},{"not_picked":["Study+1","BattleHymn+1"],"picked":"SpiritShield","floor":40},{"not_picked":["Consecrate","Collect","FollowUp"],"picked":"Singing Bowl","floor":42},{"not_picked":["Consecrate","FollowUp+1","BowlingBash"],"picked":"Singing Bowl","floor":44},{"not_picked":["SandsOfTime","Tantrum"],"picked":"Meditate","floor":45},{"not_picked":["FlurryOfBlows+1","ThirdEye"],"picked":"Omniscience","floor":46},{"not_picked":["Adaptation+1","Weave"],"picked":"ThirdEye+1","floor":48},{"not_picked":["FlurryOfBlows","EmptyBody"],"picked":"Meditate","floor":53},{"not_picked":["Adaptation+1","Collect","Prostrate+1"],"picked":"Singing Bowl","floor":55}],"player_experience":6374273,"relics_obtained":[{"floor":7,"key":"Pantograph"},{"floor":7,"key":"FossilizedHelix"},{"floor":9,"key":"Du-Vu Doll"},{"floor":12,"key":"Frozen Egg 2"},{"floor":12,"key":"MawBank"},{"floor":21,"key":"Necronomicon"},{"floor":24,"key":"HornCleat"},{"floor":24,"key":"Matryoshka"},{"floor":26,"key":"Eternal Feather"},{"floor":27,"key":"Singing Bowl"},{"floor":27,"key":"Regal Pillow"},{"floor":29,"key":"Pen Nib"},{"floor":29,"key":"CloakClasp"},{"floor":37,"key":"Pocketwatch"},{"floor":40,"key":"Pear"},{"floor":40,"key":"Lizard Tail"},{"floor":42,"key":"Unceasing Top"},{"floor":43,"key":"War Paint"},{"floor":43,"key":"Anchor"},{"floor":44,"key":"Bag of Preparation"},{"floor":44,"key":"Mercury Hourglass"},{"floor":46,"key":"MealTicket"},{"floor":46,"key":"Dream Catcher"},{"floor":48,"key":"Bronze Scales"},{"floor":48,"key":"Strawberry"},{"floor":55,"key":"Damaru"},{"floor":55,"key":"InkBottle"}],"event_choices":[{"damage_healed":0,"gold_gain":0,"player_choice":"Upgraded","damage_taken":0,"max_hp_gain":0,"max_hp_loss":0,"event_name":"Upgrade Shrine","floor":2,"gold_loss":0,"cards_upgraded":["Eruption"]},{"damage_healed":0,"gold_gain":0,"player_choice":"Box","damage_taken":0,"relics_obtained":["Bag of Marbles"],"max_hp_gain":0,"max_hp_loss":0,"event_name":"Big Fish","floor":14,"gold_loss":0,"cards_obtained":["Regret"]},{"damage_healed":0,"gold_gain":50,"player_choice":"Stole From Cult","damage_taken":0,"max_hp_gain":0,"max_hp_loss":0,"event_name":"Nest","floor":19,"gold_loss":0},{"damage_healed":0,"gold_gain":0,"player_choice":"Obtained Book","damage_taken":21,"max_hp_gain":0,"max_hp_loss":0,"event_name":"Cursed Tome","floor":21,"gold_loss":0},{"damage_healed":0,"gold_gain":0,"player_choice":"Stole Relic","damage_taken":0,"relics_obtained":["Oddly Smooth Stone"],"max_hp_gain":0,"max_hp_loss":0,"event_name":"Addict","floor":22,"gold_loss":0,"cards_obtained":["Shame"]},{"damage_healed":0,"gold_gain":0,"player_choice":"Ignored","damage_taken":0,"max_hp_gain":0,"max_hp_loss":0,"event_name":"Ghosts","floor":25,"gold_loss":0},{"damage_healed":0,"gold_gain":0,"player_choice":"Ignored","damage_taken":0,"max_hp_gain":0,"max_hp_loss":0,"event_name":"Tomb of Lord Red Mask","floor":36,"gold_loss":0},{"damage_healed":0,"gold_gain":0,"player_choice":"Fight","damage_taken":0,"max_hp_gain":0,"max_hp_loss":0,"event_name":"Mysterious Sphere","floor":37,"gold_loss":0},{"damage_healed":0,"gold_gain":0,"player_choice":"Fight","damage_taken":0,"max_hp_gain":0,"max_hp_loss":0,"event_name":"MindBloom","floor":42,"gold_loss":0},{"cards_removed":["Strike_P"],"damage_healed":0,"gold_gain":0,"player_choice":"Removed Attack","damage_taken":0,"max_hp_gain":0,"max_hp_loss":0,"event_name":"Falling","floor":47,"gold_loss":0}],"is_beta":false,"boss_relics":[{"not_picked":["Ectoplasm","Tiny House"],"picked":"Snecko Eye"},{"not_picked":["Velvet Choker","Empty Cage"],"picked":"Fusion Hammer"}],"items_purged_floors":[5,41],"is_endless":false,"potions_floor_spawned":[1,3,11,18,24,29,31,35,40,46],"ascension_level":20}