{"gold_per_floor":[113,133,133,58,58,58,83,83,132,145,170,67,100,162,162,236,236,248,248,36,55,55,55,86,98,174,194,206,237,253,264,264,338,338,350,1349,725,725,735,735,768,370,394,412,437,124,143,155,155,155,155,155,155,15,46,46],"floor_reached":57,"playtime":5030,"items_purged":["Strike_P","Normality","Strike_P","Strike_P"],"score":3190,"play_id":"4b013e17-c5eb-4a94-ab92-322a88c5db39","local_time":"20220315163726","is_ascension_mode":true,"campfire_choices":[{"data":"Eruption","floor":6,"key":"SMITH"},{"data":"SandsOfTime","floor":8,"key":"SMITH"},{"data":"ForeignInfluence","floor":15,"key":"SMITH"},{"floor":23,"key":"REST"},{"floor":32,"key":"REST"},{"floor":40,"key":"RECALL"},{"floor":49,"key":"REST"},{"floor":53,"key":"REST"}],"neow_cost":"NONE","seed_source_timestamp":1628447677341500,"circlet_count":0,"master_deck":["AscendersBane","Strike_P+1","Defend_P","Defend_P+1","Eruption+1","Vigilance","PathToVictory+1","SandsOfTime+1","Brilliance+1","ForeignInfluence+1","ThirdEye+1","PathToVictory","InnerPeace+1","LessonLearned+1","Prostrate+1","Worship+1","Scrawl+1","Meditate+1","CutThroughFate","ClearTheMind+1","InnerPeace+1","MasterReality","PathToVictory+1","DeceiveReality","Dark Shackles","Meditate","PathToVictory","PathToVictory","PanicButton+1","Vengeance+1","PathToVictory+1","Sanctity+1","InnerPeace"],"relics":["PureWater","NeowsBlessing","Damaru","Tiny Chest","Strawberry","Potion Belt","InkBottle","Fusion Hammer","Ornamental Fan","Dead Branch","Bottled Lightning","Art of War","Runic Dome","White Beast Statue","Shuriken","ClockworkSouvenir","Letter Opener","Medical Kit","Lantern"],"potions_floor_usage":[10,11,18,41,47,56,56,56],"damage_taken":[{"damage":0,"enemies":"Small Slimes","floor":1,"turns":1},{"damage":0,"enemies":"2 Louse","floor":2,"turns":1},{"damage":0,"enemies":"3 Sentries","floor":7,"turns":1},{"damage":12,"enemies":"Jaw Worm","floor":10,"turns":2},{"damage":0,"enemies":"Lagavulin","floor":11,"turns":3},{"damage":0,"enemies":"Gremlin Nob","floor":13,"turns":2},{"damage":9,"enemies":"Lagavulin Event","floor":14,"turns":3},{"damage":28,"enemies":"Hexaghost","floor":16,"turns":7},{"damage":22,"enemies":"2 Thieves","floor":18,"turns":2},{"damage":0,"enemies":"Chosen","floor":21,"turns":2},{"damage":5,"enemies":"Book of Stabbing","floor":24,"turns":3},{"damage":10,"enemies":"Centurion and Healer","floor":25,"turns":5},{"damage":0,"enemies":"3 Cultists","floor":27,"turns":2},{"damage":0,"enemies":"Chosen and Byrds","floor":28,"turns":3},{"damage":0,"enemies":"Gremlin Leader","floor":29,"turns":3},{"damage":0,"enemies":"Cultist and Chosen","floor":30,"turns":3},{"damage":0,"enemies":"Sentry and Sphere","floor":31,"turns":3},{"damage":27,"enemies":"Collector","floor":33,"turns":6},{"damage":0,"enemies":"3 Shapes","floor":35,"turns":2},{"damage":0,"enemies":"Orb Walker","floor":39,"turns":1},{"damage":0,"enemies":"Nemesis","floor":41,"turns":3},{"damage":0,"enemies":"Jaw Worm Horde","floor":44,"turns":1},{"damage":1,"enemies":"Reptomancer","floor":45,"turns":3},{"damage":0,"enemies":"Spire Growth","floor":47,"turns":4},{"damage":1,"enemies":"3 Darklings","floor":48,"turns":2},{"damage":0,"enemies":"Awakened One","floor":50,"turns":6},{"damage":29,"enemies":"Time Eater","floor":51,"turns":5},{"damage":0,"enemies":"Shield and Spear","floor":55,"turns":6},{"damage":73,"enemies":"The Heart","floor":56,"turns":5}],"seed_played":"6616778068109153851","potions_obtained":[{"floor":2,"key":"ColorlessPotion"},{"floor":7,"key":"Strength Potion"},{"floor":16,"key":"Strength Potion"},{"floor":24,"key":"Explosive Potion"},{"floor":25,"key":"Explosive Potion"},{"floor":30,"key":"Strength Potion"},{"floor":31,"key":"Energy Potion"},{"floor":33,"key":"Swift Potion"},{"floor":41,"key":"Fire Potion"},{"floor":44,"key":"SneckoOil"},{"floor":45,"key":"Block Potion"},{"floor":47,"key":"Fruit Juice"},{"floor":48,"key":"BlessingOfTheForge"}],"is_trial":false,"path_per_floor":["M","M","?","?","?","R","E","R","T","M","E","$","E","?","R","B",null,"M","?","$","M","T","R","E","M","T","M","M","E","M","M","R","B",null,"M","?","$","?","M","R","E","$","T","M","E","$","M","M","R","B","B",null,"R","$","E","B",null],"character_chosen":"WATCHER","items_purchased":["PathToVictory","Scrawl","AttackPotion","DeceiveReality","Dark Shackles","White Beast Statue","Meditate","ClockworkSouvenir","PanicButton","Medical Kit","InnerPeace","Energy Potion"],"campfire_rested":4,"item_purchase_floors":[12,20,20,37,37,37,37,42,42,46,54,54],"current_hp_per_floor":[61,61,61,61,66,66,66,66,66,54,61,61,61,52,52,24,66,44,44,44,44,44,68,63,53,53,53,53,53,53,53,77,50,73,73,73,73,73,73,73,73,73,73,73,72,72,77,76,85,85,56,78,85,85,85,12],"gold":46,"neow_bonus":"THREE_ENEMY_KILL","is_prod":false,"is_daily":false,"chose_seed":false,"campfire_upgraded":3,"win_rate":0,"timestamp":1647376646,"path_taken":["M","M","?","?","?","R","E","R","T","M","E","?","E","?","R","BOSS","M","?","$","M","?","R","E","M","T","M","M","E","M","?","R","BOSS","M","?","$","?","M","R","E","$","T","M","E","$","M","M","R","BOSS","BOSS","R","$","E","BOSS"],"build_version":"2022-03-07","purchased_purges":4,"victory":true,"max_hp_per_floor":[68,68,68,68,73,73,73,73,73,73,80,80,80,80,80,80,80,80,80,80,80,80,80,80,80,80,80,80,80,80,80,80,80,80,80,80,80,80,80,80,80,80,80,80,80,80,85,85,85,85,85,85,85,85,85,85],"relic_stats":{"counters":[29,90],"Dead Branch":[112],"Letter Opener":[252],"Medical Kit":[3],"White Beast Statue":[0.0,0.0,0.0,0.4,0.0,0.6000000000000001,0.0,0.0,0.0,0.0,0.0,3.4],"Ornamental Fan":[92],"Shuriken":[9],"Tiny Chest":1,"Art of War":[12],"Bottled Lightning":"Scrawl","PureWater":[22],"obtain_stats":[{"Potion Belt":13,"Lantern":55,"NeowsBlessing":0,"Dead Branch":24,"Damaru":7,"Letter Opener":45,"Medical Kit":46,"White Beast Statue":37,"ClockworkSouvenir":42,"Runic Dome":34,"Ornamental Fan":22,"Shuriken":41,"Strawberry":11,"Tiny Chest":9,"Fusion Hammer":17,"Art of War":29,"Bottled Lightning":26,"PureWater":0,"InkBottle":14},{"Potion Belt":6,"Lantern":28,"NeowsBlessing":0,"Dead Branch":11,"Damaru":3,"Letter Opener":23,"Medical Kit":23,"White Beast Statue":19,"ClockworkSouvenir":21,"Runic Dome":18,"Ornamental Fan":10,"Shuriken":21,"Strawberry":5,"Tiny Chest":3,"Fusion Hammer":8,"Art of War":15,"Bottled Lightning":12,"PureWater":0,"InkBottle":7},{"Potion Belt":10,"Lantern":85,"NeowsBlessing":0,"Dead Branch":27,"Damaru":3,"Letter Opener":62,"Medical Kit":62,"White Beast Statue":54,"ClockworkSouvenir":58,"Runic Dome":52,"Ornamental Fan":24,"Shuriken":58,"Strawberry":8,"Tiny Chest":3,"Fusion Hammer":20,"Art of War":40,"Bottled Lightning":32,"PureWater":0,"InkBottle":13}],"InkBottle":[48]},"card_choices":[{"not_picked":["BowlingBash","Vengeance"],"picked":"PathToVictory","floor":1},{"not_picked":["FlyingSleeves","Evaluate"],"picked":"SandsOfTime","floor":2},{"not_picked":["EmptyFist","Perseverance","EmptyBody"],"picked":"SKIP","floor":7},{"not_picked":["EmptyFist","Perseverance","EmptyBody"],"picked":"SKIP","floor":7},{"not_picked":["Alpha","EmptyBody"],"picked":"ForeignInfluence","floor":10},{"not_picked":["EmptyBody","JustLucky"],"picked":"ThirdEye","floor":11},{"not_picked":["ClearTheMind","CutThroughFate"],"picked":"InnerPeace","floor":13},{"not_picked":["SpiritShield","Blasphemy"],"picked":"LessonLearned","floor":16},{"not_picked":["FlyingSleeves","JustLucky","Crescendo"],"picked":"SKIP","floor":18},{"not_picked":["CrushJoints","FlurryOfBlows"],"picked":"Meditate","floor":21},{"not_picked":["Sanctity","JustLucky","Consecrate+1"],"picked":"SKIP","floor":24},{"not_picked":["FearNoEvil","EmptyBody"],"picked":"CutThroughFate","floor":25},{"not_picked":["Evaluate","Wish"],"picked":"ClearTheMind","floor":27},{"not_picked":["CutThroughFate","FlurryOfBlows+1"],"picked":"InnerPeace+1","floor":28},{"not_picked":["Crescendo","Vengeance","CrushJoints"],"picked":"SKIP","floor":29},{"not_picked":["SashWhip","Consecrate","BowlingBash"],"picked":"SKIP","floor":30},{"not_picked":["EmptyBody","Collect","JustLucky"],"picked":"SKIP","floor":31},{"not_picked":["DevaForm","Devotion"],"picked":"MasterReality","floor":33},{"not_picked":["FollowUp+1","EmptyFist+1"],"picked":"PathToVictory","floor":35},{"not_picked":["BowlingBash","Protect+1"],"picked":"PathToVictory","floor":39},{"not_picked":["FollowUp+1","Protect"],"picked":"PathToVictory","floor":41},{"not_picked":["Halt","Swivel"],"picked":"Vengeance+1","floor":44},{"not_picked":["FollowUp","Blasphemy"],"picked":"PathToVictory","floor":45},{"not_picked":["Conclude","FlurryOfBlows","Evaluate"],"picked":"SKIP","floor":47},{"not_picked":["SandsOfTime","JustLucky"],"picked":"Sanctity+1","floor":48},{"not_picked":["FlyingSleeves","SashWhip","MasterReality"],"picked":"SKIP","floor":55}],"player_experience":6473916,"relics_obtained":[{"floor":7,"key":"Damaru"},{"floor":9,"key":"Tiny Chest"},{"floor":11,"key":"Strawberry"},{"floor":13,"key":"Potion Belt"},{"floor":14,"key":"InkBottle"},{"floor":22,"key":"Ornamental Fan"},{"floor":24,"key":"Dead Branch"},{"floor":26,"key":"Bottled Lightning"},{"floor":29,"key":"Art of War"},{"floor":41,"key":"Shuriken"},{"floor":45,"key":"Letter Opener"},{"floor":55,"key":"Lantern"}],"event_choices":[{"damage_healed":0,"gold_gain":0,"cards_transformed":["Defend_P"],"player_choice":"Change","damage_taken":0,"max_hp_gain":0,"max_hp_loss":0,"event_name":"Living Wall","floor":3,"gold_loss":0,"cards_obtained":["Brilliance"]},{"cards_removed":["Defend_P"],"damage_healed":0,"gold_gain":0,"player_choice":"Card Removal","damage_taken":0,"max_hp_gain":0,"max_hp_loss":0,"event_name":"The Cleric","floor":4,"gold_loss":75},{"damage_healed":0,"gold_gain":0,"player_choice":"Donut","damage_taken":0,"max_hp_gain":5,"max_hp_loss":0,"event_name":"Big Fish","floor":5,"gold_loss":0},{"damage_healed":0,"gold_gain":0,"player_choice":"Searched \u00271\u0027 times","damage_taken":0,"max_hp_gain":0,"max_hp_loss":0,"event_name":"Dead Adventurer","floor":14,"gold_loss":0},{"damage_healed":0,"gold_gain":0,"player_choice":"2 cards matched","damage_taken":0,"max_hp_gain":0,"max_hp_loss":0,"event_name":"Match and Keep!","floor":19,"gold_loss":0,"cards_obtained":["Prostrate","Worship"]},{"damage_healed":0,"gold_gain":999,"player_choice":"Gold","damage_taken":0,"max_hp_gain":0,"max_hp_loss":0,"event_name":"MindBloom","floor":36,"gold_loss":0,"cards_obtained":["Normality","Normality"]},{"cards_removed":["Normality"],"damage_healed":0,"gold_gain":0,"player_choice":"Purged","damage_taken":0,"max_hp_gain":0,"max_hp_loss":0,"event_name":"Purifier","floor":38,"gold_loss":0}],"is_beta":false,"boss_relics":[{"not_picked":["Ectoplasm","HolyWater"],"picked":"Fusion Hammer"},{"not_picked":["Cursed Key","Velvet Choker"],"picked":"Runic Dome"}],"items_purged_floors":[12,37,42,46],"is_endless":false,"potions_floor_spawned":[2,7,16,24,25,30,31,33,39,41,44,45,47,48,55],"ascension_level":20}