{"gold_per_floor":[110,110,130,146,167,206,206,220,246,280,296,321,0,39,39,135,135,150,169,183,183],"floor_reached":21,"playtime":3124,"items_purged":[],"score":506,"play_id":"e3002ed8-08bc-44ed-955f-0cd4aa5a1b8c","local_time":"20220325145628","is_ascension_mode":true,"campfire_choices":[{"floor":7,"key":"REST"},{"floor":15,"key":"RECALL"}],"neow_cost":"NONE","seed_source_timestamp":2488286323280700,"circlet_count":0,"master_deck":["AscendersBane","Strike_P+1","Strike_P","Strike_P","Strike_P","Defend_P","Defend_P","Defend_P","Defend_P","Eruption","Vigilance","ThirdEye","CrushJoints","SandsOfTime","BowlingBash","FlurryOfBlows","Fasting2+1","EmptyFist","LessonLearned"],"relics":["Fusion Hammer","Golden Idol","Strawberry","Happy Flower","Vajra","Oddly Smooth Stone","Frozen Egg 2","Regal Pillow","Philosopher\u0027s Stone"],"potions_floor_usage":[6,6,18,20,21],"damage_taken":[{"damage":0,"enemies":"2 Louse","floor":1,"turns":3},{"damage":2,"enemies":"Jaw Worm","floor":3,"turns":5},{"damage":0,"enemies":"Cultist","floor":4,"turns":3},{"damage":5,"enemies":"2 Fungi Beasts","floor":5,"turns":3},{"damage":10,"enemies":"3 Sentries","floor":6,"turns":7},{"damage":5,"enemies":"3 Louse","floor":8,"turns":4},{"damage":17,"enemies":"Lagavulin","floor":10,"turns":7},{"damage":0,"enemies":"Exordium Thugs","floor":11,"turns":3},{"damage":8,"enemies":"3 Sentries","floor":14,"turns":6},{"damage":0,"enemies":"Hexaghost","floor":16,"turns":7},{"damage":7,"enemies":"Shell Parasite","floor":18,"turns":4},{"damage":12,"enemies":"3 Byrds","floor":19,"turns":6},{"damage":28,"enemies":"Snecko","floor":20,"turns":4},{"damage":35,"enemies":"Shelled Parasite and Fungi","floor":21,"turns":2}],"seed_played":"-6766333000439975135","potions_obtained":[{"floor":1,"key":"DuplicationPotion"},{"floor":4,"key":"SteroidPotion"},{"floor":10,"key":"SmokeBomb"},{"floor":11,"key":"Fire Potion"},{"floor":14,"key":"EssenceOfSteel"},{"floor":20,"key":"ColorlessPotion"}],"is_trial":false,"path_per_floor":["M","?","M","M","M","E","R","M","T","E","M","T","$","E","R","B",null,"M","M","M","M"],"character_chosen":"WATCHER","items_purchased":["Frozen Egg 2","Fasting2+1"],"campfire_rested":1,"item_purchase_floors":[13,13],"current_hp_per_floor":[61,38,36,36,31,28,50,45,45,28,28,28,28,20,20,20,61,54,42,14,0],"gold":183,"neow_bonus":"BOSS_RELIC","is_prod":false,"is_daily":false,"chose_seed":false,"campfire_upgraded":0,"win_rate":0,"timestamp":1648234588,"path_taken":["M","?","M","M","M","E","R","M","T","E","M","?","$","E","R","BOSS","M","M","M","?"],"build_version":"2022-03-07","purchased_purges":0,"victory":false,"max_hp_per_floor":[68,68,68,68,68,75,75,75,75,75,75,75,75,75,75,75,75,75,75,75,75],"relic_stats":{"Regal Pillow":0,"Happy Flower":[13],"counters":[14,64],"Golden Idol":69,"obtain_stats":[{"Regal Pillow":14,"Happy Flower":9,"Golden Idol":2,"Strawberry":6,"Vajra":10,"Oddly Smooth Stone":12,"Philosopher\u0027s Stone":17,"Fusion Hammer":0,"PureWater":0,"Frozen Egg 2":13},{"Regal Pillow":9,"Happy Flower":6,"Golden Idol":1,"Strawberry":5,"Vajra":7,"Oddly Smooth Stone":8,"Philosopher\u0027s Stone":10,"Fusion Hammer":0,"PureWater":0,"Frozen Egg 2":8},{"Regal Pillow":41,"Happy Flower":25,"Golden Idol":3,"Strawberry":21,"Vajra":32,"Oddly Smooth Stone":35,"Philosopher\u0027s Stone":48,"Fusion Hammer":0,"PureWater":0,"Frozen Egg 2":35}]},"card_choices":[{"not_picked":["Perseverance","WindmillStrike","ClearTheMind"],"picked":"SKIP","floor":1},{"not_picked":["FollowUp","WreathOfFlame"],"picked":"ThirdEye","floor":3},{"not_picked":["Prostrate","Nirvana"],"picked":"CrushJoints","floor":4},{"not_picked":["PathToVictory","Vengeance"],"picked":"SandsOfTime","floor":5},{"not_picked":["Perseverance","ThirdEye"],"picked":"BowlingBash","floor":6},{"not_picked":["ClearTheMind","Study","PathToVictory"],"picked":"SKIP","floor":8},{"not_picked":["ClearTheMind","Study","PathToVictory"],"picked":"SKIP","floor":8},{"not_picked":["JustLucky","Evaluate"],"picked":"FlurryOfBlows","floor":10},{"not_picked":["SignatureMove","JustLucky","ClearTheMind"],"picked":"SKIP","floor":11},{"not_picked":["SignatureMove","JustLucky","ClearTheMind"],"picked":"SKIP","floor":11},{"not_picked":["Judgement","SashWhip"],"picked":"EmptyFist","floor":14},{"not_picked":["Brilliance","Devotion+1"],"picked":"LessonLearned","floor":16},{"not_picked":["CrushJoints","ForeignInfluence","Protect"],"picked":"SKIP","floor":18},{"not_picked":["Vengeance","Worship","FlyingSleeves"],"picked":"SKIP","floor":19},{"not_picked":["FlyingSleeves","SignatureMove","Worship"],"picked":"SKIP","floor":20}],"player_experience":6554289,"relics_obtained":[{"floor":6,"key":"Strawberry"},{"floor":9,"key":"Happy Flower"},{"floor":10,"key":"Vajra"},{"floor":12,"key":"Oddly Smooth Stone"},{"floor":14,"key":"Regal Pillow"}],"event_choices":[{"damage_healed":0,"gold_gain":0,"player_choice":"Take Damage","damage_taken":23,"relics_obtained":["Golden Idol"],"max_hp_gain":0,"max_hp_loss":0,"event_name":"Golden Idol","floor":2,"gold_loss":0}],"is_beta":false,"boss_relics":[{"not_picked":["Tiny House","Busted Crown"],"picked":"Philosopher\u0027s Stone"}],"items_purged_floors":[],"is_endless":false,"potions_floor_spawned":[1,4,10,11,14,20],"killed_by":"Shelled Parasite and Fungi","ascension_level":20}