{"gold_per_floor":[110,128,140,140,415,415,44,44],"floor_reached":8,"playtime":625,"items_purged":["Regret"],"score":112,"play_id":"f04a947b-a39a-4d92-8a3b-24cf560ee150","local_time":"20220325150729","is_ascension_mode":true,"campfire_choices":[],"neow_cost":"NONE","seed_source_timestamp":2491446463015400,"circlet_count":0,"master_deck":["AscendersBane","Strike_P","Strike_P","Strike_P","Strike_P","Defend_P","Defend_P","Defend_P","Defend_P","Eruption","Vigilance","FollowUp","DeceiveReality","Wireheading","Prostrate"],"relics":["Busted Crown","Golden Idol","Yang"],"potions_floor_usage":[6],"damage_taken":[{"damage":5,"enemies":"2 Louse","floor":1,"turns":2},{"damage":4,"enemies":"Jaw Worm","floor":2,"turns":3},{"damage":0,"enemies":"Cultist","floor":3,"turns":2},{"damage":0,"enemies":"3 Sentries","floor":6,"turns":1},{"damage":84,"enemies":"Gremlin Nob","floor":8,"turns":5}],"seed_played":"86271825746852149","potions_obtained":[{"floor":2,"key":"SmokeBomb"}],"is_trial":false,"path_per_floor":["M","M","M","?","?","E","$","E"],"character_chosen":"WATCHER","items_purchased":["Yang","Prostrate"],"campfire_rested":0,"item_purchase_floors":[7,7],"current_hp_per_floor":[56,52,52,52,52,52,52,0],"gold":44,"neow_bonus":"BOSS_RELIC","is_prod":false,"is_daily":false,"chose_seed":false,"campfire_upgraded":0,"win_rate":0,"timestamp":1648235249,"path_taken":["M","M","M","?","?","E","$","E"],"build_version":"2022-03-07","purchased_purges":1,"victory":false,"max_hp_per_floor":[68,68,68,62,62,62,62,62],"relic_stats":{"Busted Crown":6,"counters":[5,13],"Golden Idol":7,"Yang":[10],"obtain_stats":[{"Busted Crown":0,"Golden Idol":4,"Yang":7,"PureWater":0},{"Busted Crown":0,"Golden Idol":3,"Yang":4,"PureWater":0},{"Busted Crown":0,"Golden Idol":7,"Yang":8,"PureWater":0}]},"card_choices":[{"not_picked":[],"picked":"FollowUp","floor":1},{"not_picked":[],"picked":"DeceiveReality","floor":2},{"not_picked":[],"picked":"Wireheading","floor":3}],"player_experience":6557413,"relics_obtained":[],"event_choices":[{"damage_healed":0,"gold_gain":0,"player_choice":"Lose Max HP","damage_taken":0,"relics_obtained":["Golden Idol"],"max_hp_gain":0,"max_hp_loss":6,"event_name":"Golden Idol","floor":4,"gold_loss":0},{"damage_healed":0,"gold_gain":275,"player_choice":"Desecrate","damage_taken":0,"max_hp_gain":0,"max_hp_loss":0,"event_name":"Golden Shrine","floor":5,"gold_loss":0,"cards_obtained":["Regret"]}],"is_beta":false,"boss_relics":[],"items_purged_floors":[7],"is_endless":false,"potions_floor_spawned":[2,6],"killed_by":"Gremlin Nob","ascension_level":20}