{"gold_per_floor":[112,112,112,131,3,28,28,43,43,56,56,82,147,173,173,247,247,265,291,291,307,17,17,49,49,97,126,152,178,197,211,211,287,287,304,314,328,98,111,111,137,151,201,232,248,259,276,305,305,305,305,305,305,155,180,180],"floor_reached":57,"playtime":5177,"items_purged":["Defend_P","Strike_P","Eruption","Strike_P"],"score":3194,"play_id":"899590a8-681d-4e28-b82e-c6caa4573ed7","local_time":"20220325163629","is_ascension_mode":true,"campfire_choices":[{"data":"Devotion","floor":7,"key":"SMITH"},{"data":"Omniscience","floor":15,"key":"SMITH"},{"floor":23,"key":"REST"},{"floor":25,"key":"REST"},{"data":"Worship","floor":32,"key":"SMITH"},{"data":"Wallop","floor":40,"key":"SMITH"},{"floor":49,"key":"RECALL"},{"data":"MentalFortress","floor":53,"key":"SMITH"}],"neow_cost":"NONE","seed_source_timestamp":2492209403986100,"circlet_count":0,"master_deck":["AscendersBane","Strike_P","Defend_P+1","Defend_P+1","Vigilance","BattleHymn","Omniscience+1","DeceiveReality","CutThroughFate","Devotion+1","Worship+1","MentalFortress+1","Omniscience","Wallop+1","ClearTheMind+1","Secret Technique","Brilliance","WheelKick+1","Blind","Prostrate+1","MasterReality","Evaluate+1","Pray","ThirdEye+1"],"relics":["PureWater","NeowsBlessing","Omamori","Singing Bowl","StrikeDummy","Blood Vial","War Paint","Dead Branch","Sozu","Red Mask","Nunchaku","Torii","Dream Catcher","Darkstone Periapt","Runic Pyramid","Toy Ornithopter","Strawberry","Sundial","Ornamental Fan","Bag of Preparation"],"potions_floor_usage":[10,13,56],"damage_taken":[{"damage":0,"enemies":"Jaw Worm","floor":1,"turns":1},{"damage":0,"enemies":"2 Louse","floor":4,"turns":1},{"damage":0,"enemies":"Gremlin Nob","floor":6,"turns":1},{"damage":0,"enemies":"Cultist","floor":8,"turns":2},{"damage":0,"enemies":"Lots of Slimes","floor":10,"turns":4},{"damage":2,"enemies":"3 Sentries","floor":12,"turns":5},{"damage":0,"enemies":"Gremlin Nob","floor":13,"turns":2},{"damage":3,"enemies":"Gremlin Nob","floor":14,"turns":3},{"damage":26,"enemies":"Hexaghost","floor":16,"turns":6},{"damage":13,"enemies":"Shell Parasite","floor":18,"turns":3},{"damage":16,"enemies":"Masked Bandits","floor":19,"turns":4},{"damage":27,"enemies":"2 Thieves","floor":21,"turns":4},{"damage":0,"enemies":"Book of Stabbing","floor":24,"turns":3},{"damage":5,"enemies":"Slavers","floor":27,"turns":6},{"damage":0,"enemies":"Book of Stabbing","floor":29,"turns":1},{"damage":0,"enemies":"3 Cultists","floor":30,"turns":4},{"damage":0,"enemies":"Centurion and Healer","floor":31,"turns":2},{"damage":0,"enemies":"Champ","floor":33,"turns":7},{"damage":0,"enemies":"Orb Walker","floor":35,"turns":2},{"damage":0,"enemies":"3 Darklings","floor":36,"turns":3},{"damage":0,"enemies":"Maw","floor":37,"turns":6},{"damage":0,"enemies":"Writhing Mass","floor":39,"turns":4},{"damage":1,"enemies":"Reptomancer","floor":41,"turns":6},{"damage":0,"enemies":"Sphere and 2 Shapes","floor":42,"turns":3},{"damage":0,"enemies":"Nemesis","floor":44,"turns":3},{"damage":0,"enemies":"Spire Growth","floor":45,"turns":3},{"damage":0,"enemies":"3 Darklings","floor":46,"turns":3},{"damage":1,"enemies":"Transient","floor":47,"turns":6},{"damage":0,"enemies":"Giant Head","floor":48,"turns":1},{"damage":11,"enemies":"Donu and Deca","floor":50,"turns":7},{"damage":26,"enemies":"Time Eater","floor":51,"turns":7},{"damage":1,"enemies":"Shield and Spear","floor":55,"turns":5},{"damage":27,"enemies":"The Heart","floor":56,"turns":10}],"seed_played":"-5255090537969607856","potions_obtained":[{"floor":1,"key":"BottledMiracle"},{"floor":4,"key":"AttackPotion"},{"floor":8,"key":"DistilledChaos"},{"floor":14,"key":"Ancient Potion"}],"is_trial":false,"path_per_floor":["M","?","?","M","$","E","R","M","T","M","$","E","?","E","R","B",null,"M","?","?","M","$","R","E","R","T","E","T","E","M","M","R","B",null,"M","M","M","$","M","R","E","M","T","E","M","M","M","E","R","B","B",null,"R","$","E","B",null],"character_chosen":"WATCHER","items_purchased":["CutThroughFate","Secret Technique","Blind"],"campfire_rested":2,"item_purchase_floors":[5,22,38],"current_hp_per_floor":[61,61,35,35,35,35,35,35,35,35,35,35,39,40,40,16,60,49,37,37,12,12,34,38,61,61,60,60,64,68,72,72,74,83,87,88,90,90,92,92,93,94,101,101,103,105,104,105,105,94,70,96,96,96,97,77],"gold":180,"neow_bonus":"THREE_ENEMY_KILL","is_prod":false,"is_daily":false,"chose_seed":false,"campfire_upgraded":5,"win_rate":0,"timestamp":1648240589,"path_taken":["M","?","?","M","$","E","R","M","T","M","?","E","?","E","R","BOSS","M","?","?","M","$","R","E","R","T","E","?","E","M","M","R","BOSS","M","M","M","$","M","R","E","?","T","E","M","M","M","E","R","BOSS","BOSS","R","$","E","BOSS"],"build_version":"2022-03-07","purchased_purges":4,"victory":true,"max_hp_per_floor":[68,68,68,68,68,68,68,68,68,68,68,70,72,74,74,74,74,74,76,76,76,76,76,78,78,78,80,80,82,84,86,86,86,86,88,88,90,90,92,92,94,94,101,101,103,105,105,105,105,105,105,105,105,105,105,105],"relic_stats":{"Darkstone Periapt":0,"Singing Bowl":30,"Torii":11,"counters":[33,128],"Dead Branch":[216],"Omamori":0,"Bag of Preparation":[2],"War Paint":["Defend_P","Defend_P"],"Blood Vial":35,"Sozu":9,"Nunchaku":[19],"Dream Catcher":0,"Sundial":[4],"Ornamental Fan":[32],"PureWater":[28],"obtain_stats":[{"Darkstone Periapt":29,"NeowsBlessing":0,"Singing Bowl":6,"Torii":27,"Dead Branch":14,"Omamori":3,"Bag of Preparation":55,"War Paint":13,"Blood Vial":12,"Sozu":17,"Nunchaku":24,"Dream Catcher":28,"Sundial":44,"Ornamental Fan":48,"Strawberry":43,"Red Mask":19,"PureWater":0,"StrikeDummy":9,"Toy Ornithopter":41,"Runic Pyramid":34},{"Darkstone Periapt":15,"NeowsBlessing":0,"Singing Bowl":3,"Torii":14,"Dead Branch":8,"Omamori":1,"Bag of Preparation":32,"War Paint":6,"Blood Vial":6,"Sozu":9,"Nunchaku":13,"Dream Catcher":14,"Sundial":25,"Ornamental Fan":29,"Strawberry":24,"Red Mask":11,"PureWater":0,"StrikeDummy":4,"Toy Ornithopter":23,"Runic Pyramid":18},{"Darkstone Periapt":46,"NeowsBlessing":0,"Singing Bowl":3,"Torii":45,"Dead Branch":19,"Omamori":1,"Bag of Preparation":118,"War Paint":14,"Blood Vial":14,"Sozu":25,"Nunchaku":39,"Dream Catcher":45,"Sundial":86,"Ornamental Fan":99,"Strawberry":83,"Red Mask":32,"PureWater":0,"StrikeDummy":5,"Toy Ornithopter":80,"Runic Pyramid":59}],"Toy Ornithopter":5},"card_choices":[{"not_picked":["ThirdEye","JustLucky"],"picked":"BattleHymn","floor":1},{"not_picked":["FlyingSleeves","Halt"],"picked":"DeceiveReality","floor":4},{"not_picked":["Wireheading","CarveReality"],"picked":"Devotion","floor":6},{"not_picked":["Prostrate","EmptyBody"],"picked":"Worship","floor":8},{"not_picked":["Sanctity","BowlingBash"],"picked":"MentalFortress","floor":10},{"not_picked":["ForeignInfluence","CrushJoints","WindmillStrike"],"picked":"Singing Bowl","floor":12},{"not_picked":["ForeignInfluence","Indignation","CrushJoints"],"picked":"Singing Bowl","floor":13},{"not_picked":["Wallop","Evaluate","PathToVictory"],"picked":"Singing Bowl","floor":14},{"not_picked":["ConjureBlade","Scrawl"],"picked":"Omniscience","floor":16},{"not_picked":["EmptyMind","Halt"],"picked":"Wallop","floor":18},{"not_picked":["FlyingSleeves","PathToVictory","Protect"],"picked":"Singing Bowl","floor":19},{"not_picked":["FlurryOfBlows","Collect"],"picked":"ClearTheMind+1","floor":21},{"not_picked":["FearNoEvil","ClearTheMind","WindmillStrike"],"picked":"Singing Bowl","floor":24},{"not_picked":["Swivel","JustLucky","SashWhip"],"picked":"Singing Bowl","floor":27},{"not_picked":["Establishment","ClearTheMind","Blasphemy"],"picked":"Singing Bowl","floor":29},{"not_picked":["Evaluate","FlyingSleeves","SashWhip"],"picked":"Singing Bowl","floor":30},{"not_picked":["FlyingSleeves+1","Prostrate","Study"],"picked":"Singing Bowl","floor":31},{"not_picked":["Ragnarok","Alpha"],"picked":"Brilliance","floor":33},{"not_picked":["JustLucky","CrushJoints","FollowUp+1"],"picked":"Singing Bowl","floor":35},{"not_picked":["ClearTheMind","TalkToTheHand"],"picked":"WheelKick+1","floor":36},{"not_picked":["ReachHeaven","PathToVictory","Halt"],"picked":"Singing Bowl","floor":37},{"not_picked":["LikeWater","Wallop","EmptyBody"],"picked":"Singing Bowl","floor":39},{"not_picked":["Vengeance","CutThroughFate","ReachHeaven+1"],"picked":"Singing Bowl","floor":41},{"not_picked":["Consecrate","Crescendo+1"],"picked":"Prostrate+1","floor":42},{"not_picked":["Nirvana","Sanctity+1"],"picked":"MasterReality","floor":44},{"not_picked":["Halt","Sanctity","FollowUp+1"],"picked":"Singing Bowl","floor":45},{"not_picked":["EmptyFist","FlyingSleeves","Weave"],"picked":"Singing Bowl","floor":46},{"not_picked":["ReachHeaven","CutThroughFate"],"picked":"Evaluate+1","floor":47},{"not_picked":["ClearTheMind","ThirdEye"],"picked":"Pray","floor":48},{"not_picked":["CarveReality","BowlingBash"],"picked":"ThirdEye+1","floor":55}],"player_experience":6558038,"relics_obtained":[{"floor":6,"key":"Singing Bowl"},{"floor":9,"key":"StrikeDummy"},{"floor":12,"key":"Blood Vial"},{"floor":14,"key":"Dead Branch"},{"floor":19,"key":"Red Mask"},{"floor":24,"key":"Nunchaku"},{"floor":27,"key":"Torii"},{"floor":28,"key":"Dream Catcher"},{"floor":29,"key":"Darkstone Periapt"},{"floor":41,"key":"Toy Ornithopter"},{"floor":43,"key":"Strawberry"},{"floor":44,"key":"Sundial"},{"floor":48,"key":"Ornamental Fan"},{"floor":55,"key":"Bag of Preparation"}],"event_choices":[{"damage_healed":0,"gold_gain":0,"cards_transformed":["Defend_P"],"player_choice":"Change","damage_taken":0,"max_hp_gain":0,"max_hp_loss":0,"event_name":"Living Wall","floor":2,"gold_loss":0,"cards_obtained":["Omniscience"]},{"damage_healed":0,"gold_gain":0,"player_choice":"Success","damage_taken":26,"relics_obtained":["Omamori"],"max_hp_gain":0,"max_hp_loss":0,"event_name":"Scrap Ooze","floor":3,"gold_loss":0},{"damage_healed":0,"gold_gain":0,"player_choice":"Searched \u00272\u0027 times","damage_taken":0,"relics_obtained":["War Paint"],"max_hp_gain":0,"max_hp_loss":0,"event_name":"Dead Adventurer","floor":13,"gold_loss":0},{"damage_healed":0,"gold_gain":0,"player_choice":"Fought Bandits","damage_taken":0,"max_hp_gain":0,"max_hp_loss":0,"event_name":"Masked Bandits","floor":19,"gold_loss":0},{"cards_removed":["Strike_P"],"damage_healed":0,"gold_gain":0,"player_choice":"Elegance","damage_taken":0,"max_hp_gain":0,"max_hp_loss":0,"event_name":"Back to Basics","floor":20,"gold_loss":0}],"is_beta":false,"boss_relics":[{"not_picked":["Velvet Choker","Tiny House"],"picked":"Sozu"},{"not_picked":["SacredBark","Snecko Eye"],"picked":"Runic Pyramid"}],"items_purged_floors":[5,22,38,54],"is_endless":false,"potions_floor_spawned":[1,4,8,14,19,27,29,33,37,42,44,46,47],"ascension_level":20}