{"gold_per_floor":[360,20,38,38,38,38,48,83,107,107,133,33,46,80,80,152,152,172,12,12,24,43,68,68,95,95,95,108,143,154,54,54,127,127,143,195,37,37,118,153,178,178,178,178,178,195,229,262,262,262,262,262,262,29,59,59],"floor_reached":57,"playtime":6306,"items_purged":["Defend_P","Strike_P","WindmillStrike+1"],"score":3409,"play_id":"2cb763e6-f469-48e6-8569-1f0b44f0e46d","local_time":"20220406182206","is_ascension_mode":true,"campfire_choices":[{"data":"WindmillStrike","floor":6,"key":"SMITH"},{"data":"Eruption","floor":10,"key":"SMITH"},{"data":"Scrawl","floor":15,"key":"SMITH"},{"data":"RitualDagger","floor":24,"key":"SMITH"},{"data":"CrushJoints","floor":27,"key":"SMITH"},{"floor":32,"key":"REST"},{"data":"True Grit","floor":42,"key":"SMITH"},{"data":"Burning Pact","floor":44,"key":"SMITH"},{"floor":45,"key":"RECALL"},{"data":"EmptyMind","floor":49,"key":"SMITH"},{"data":"Scrawl","floor":53,"key":"SMITH"}],"neow_cost":"PERCENT_DAMAGE","seed_source_timestamp":103753457913300,"circlet_count":0,"master_deck":["AscendersBane","Defend_P+1","Defend_P+1","Defend_P+1","Eruption+1","Vigilance+1","WindmillStrike+1","DeceiveReality","SandsOfTime","CutThroughFate","Wireheading","CrushJoints+1","Establishment","Scrawl+1","Nirvana+1","RitualDagger+1","Thunderclap+1","EmptyMind+1","RitualDagger+1","True Grit+1","Burning Pact+1","Scrawl+1","Sanctity","Shrug It Off"],"relics":["PureWater","FossilizedHelix","War Paint","Bag of Marbles","Mercury Hourglass","Regal Pillow","Astrolabe","PrismaticShard","Juzu Bracelet","Tiny Chest","Sundial","WingedGreaves","VioletLotus","Unceasing Top","DollysMirror","The Courier","Ginger","Eternal Feather","HornCleat","Torii","Strange Spoon","Calipers"],"potions_floor_usage":[21,23,40,55,56,56],"damage_taken":[{"damage":1,"enemies":"Cultist","floor":1,"turns":3},{"damage":0,"enemies":"Small Slimes","floor":3,"turns":3},{"damage":0,"enemies":"Jaw Worm","floor":7,"turns":3},{"damage":0,"enemies":"Gremlin Nob","floor":8,"turns":4},{"damage":0,"enemies":"3 Sentries","floor":11,"turns":4},{"damage":0,"enemies":"Gremlin Gang","floor":13,"turns":4},{"damage":0,"enemies":"Lagavulin","floor":14,"turns":6},{"damage":20,"enemies":"Hexaghost","floor":16,"turns":6},{"damage":0,"enemies":"Chosen","floor":18,"turns":3},{"damage":0,"enemies":"Shell Parasite","floor":21,"turns":4},{"damage":8,"enemies":"Snake Plant","floor":22,"turns":4},{"damage":3,"enemies":"Book of Stabbing","floor":23,"turns":5},{"damage":3,"enemies":"Gremlin Leader","floor":25,"turns":6},{"damage":0,"enemies":"3 Cultists","floor":28,"turns":2},{"damage":21,"enemies":"Slavers","floor":29,"turns":3},{"damage":0,"enemies":"Centurion and Healer","floor":30,"turns":4},{"damage":3,"enemies":"Collector","floor":33,"turns":6},{"damage":0,"enemies":"Orb Walker","floor":35,"turns":3},{"damage":0,"enemies":"2 Orb Walkers","floor":36,"turns":3},{"damage":0,"enemies":"Giant Head","floor":40,"turns":4},{"damage":0,"enemies":"Nemesis","floor":41,"turns":1},{"damage":0,"enemies":"3 Darklings","floor":46,"turns":4},{"damage":0,"enemies":"Giant Head","floor":47,"turns":4},{"damage":0,"enemies":"Reptomancer","floor":48,"turns":2},{"damage":22,"enemies":"Donu and Deca","floor":50,"turns":9},{"damage":0,"enemies":"Time Eater","floor":51,"turns":2},{"damage":0,"enemies":"Shield and Spear","floor":55,"turns":4},{"damage":21,"enemies":"The Heart","floor":56,"turns":9}],"seed_played":"4795614339428165565","potions_obtained":[{"floor":3,"key":"Weak Potion"},{"floor":14,"key":"Energy Potion"},{"floor":23,"key":"StancePotion"},{"floor":25,"key":"BottledMiracle"},{"floor":41,"key":"DuplicationPotion"},{"floor":55,"key":"LiquidMemories"}],"is_trial":false,"path_per_floor":["M","$","M","?","?","R","M","E","T","R","E","$","M","E","R","B",null,"M","$","?","M","M","E","R","E","T","R","M","E","M","$","R","B",null,"M","?","$","?","T","E","E","R","T","R","R","M","E","E","R","B","B",null,"R","$","E","B",null],"character_chosen":"WATCHER","items_purchased":["FossilizedHelix","CrushJoints","PrismaticShard","DollysMirror","Strange Spoon"],"campfire_rested":1,"item_purchase_floors":[2,12,19,37,54],"current_hp_per_floor":[42,42,42,22,44,44,44,44,44,44,44,44,44,44,44,24,57,57,57,51,51,43,40,40,37,37,37,37,16,16,16,51,48,63,63,63,63,68,68,68,68,68,68,68,68,68,68,68,68,46,46,63,68,68,68,47],"gold":59,"neow_bonus":"TWO_FIFTY_GOLD","is_prod":false,"is_daily":false,"chose_seed":false,"campfire_upgraded":9,"win_rate":0,"timestamp":1649283726,"path_taken":["M","$","M","?","?","R","M","E","T","R","E","?","?","E","R","BOSS","M","$","?","M","M","E","R","E","T","R","M","E","M","$","R","BOSS","M","?","?","?","?","E","E","R","T","R","R","M","E","E","R","BOSS","BOSS","R","$","E","BOSS"],"build_version":"2022-03-07","purchased_purges":3,"victory":true,"max_hp_per_floor":[68,68,68,68,68,68,68,68,68,68,68,68,68,68,68,68,68,68,68,68,68,68,68,68,68,68,68,68,68,68,68,68,68,68,68,68,68,68,68,68,68,68,68,68,68,68,68,68,68,68,68,68,68,68,68,68],"relic_stats":{"Regal Pillow":15,"Calipers":[690],"Torii":27,"counters":[28,115],"Astrolabe":["BowlingBash","WindmillStrike","Nirvana"],"Eternal Feather":5,"The Courier":58,"Juzu Bracelet":0,"Ginger":[4],"War Paint":["Defend_P","Defend_P"],"Mercury Hourglass":[354],"Strange Spoon":[10],"Sundial":[60],"Tiny Chest":1,"WingedGreaves":3,"VioletLotus":[38],"PureWater":[28],"obtain_stats":[{"Regal Pillow":14,"Calipers":55,"Torii":48,"Astrolabe":17,"Eternal Feather":41,"The Courier":39,"Juzu Bracelet":23,"Ginger":40,"War Paint":8,"PrismaticShard":19,"Mercury Hourglass":11,"Strange Spoon":54,"HornCleat":47,"Sundial":26,"DollysMirror":37,"Tiny Chest":25,"WingedGreaves":29,"VioletLotus":34,"Bag of Marbles":9,"PureWater":0,"FossilizedHelix":2,"Unceasing Top":36},{"Regal Pillow":7,"Calipers":27,"Torii":24,"Astrolabe":8,"Eternal Feather":21,"The Courier":19,"Juzu Bracelet":12,"Ginger":20,"War Paint":4,"PrismaticShard":9,"Mercury Hourglass":5,"Strange Spoon":26,"HornCleat":23,"Sundial":13,"DollysMirror":19,"Tiny Chest":13,"WingedGreaves":15,"VioletLotus":17,"Bag of Marbles":4,"PureWater":0,"FossilizedHelix":1,"Unceasing Top":19},{"Regal Pillow":27,"Calipers":106,"Torii":91,"Astrolabe":33,"Eternal Feather":81,"The Courier":76,"Juzu Bracelet":49,"Ginger":80,"War Paint":13,"PrismaticShard":36,"Mercury Hourglass":17,"Strange Spoon":102,"HornCleat":89,"Sundial":55,"DollysMirror":76,"Tiny Chest":55,"WingedGreaves":60,"VioletLotus":70,"Bag of Marbles":13,"PureWater":0,"FossilizedHelix":3,"Unceasing Top":76}],"FossilizedHelix":[314],"Unceasing Top":[0]},"card_choices":[{"not_picked":["PathToVictory","Consecrate"],"picked":"WindmillStrike","floor":1},{"not_picked":["FollowUp","BattleHymn"],"picked":"DeceiveReality","floor":3},{"not_picked":["Sanctity","WaveOfTheHand"],"picked":"SandsOfTime","floor":7},{"not_picked":["BowlingBash","BattleHymn"],"picked":"CutThroughFate","floor":8},{"not_picked":["EmptyBody","ClearTheMind"],"picked":"Wireheading","floor":11},{"not_picked":["EmptyBody","Consecrate"],"picked":"Establishment","floor":13},{"not_picked":["CarveReality","Consecrate"],"picked":"Scrawl","floor":14},{"not_picked":["CrushJoints","SignatureMove","Fasting2"],"picked":"SKIP","floor":18},{"not_picked":["Deadly Poison","Bandage Up","Compile Driver"],"picked":"SKIP","floor":21},{"not_picked":["Warcry","Prepared","Conserve Battery"],"picked":"SKIP","floor":22},{"not_picked":["True Grit","Eviscerate"],"picked":"Thunderclap+1","floor":23},{"not_picked":["Uppercut","True Grit","Flying Knee"],"picked":"SKIP","floor":25},{"not_picked":["Rebound","Go for the Eyes","The Bomb"],"picked":"SKIP","floor":28},{"not_picked":["Collect+1","Genetic Algorithm"],"picked":"EmptyMind","floor":29},{"not_picked":["Clothesline","Rebound","BowlingBash"],"picked":"SKIP","floor":30},{"not_picked":["Stack","Distraction","Beam Cell"],"picked":"SKIP","floor":35},{"not_picked":["Shockwave","Wild Strike"],"picked":"True Grit","floor":40},{"not_picked":["Vault","Hologram"],"picked":"Burning Pact","floor":41},{"not_picked":["Quick Slash","Outmaneuver","Cold Snap"],"picked":"SKIP","floor":46},{"not_picked":["Perseverance","Blood for Blood"],"picked":"Scrawl","floor":47},{"not_picked":["Leap","Evaluate"],"picked":"Sanctity","floor":48},{"not_picked":["Swift Strike","Underhanded Strike+1"],"picked":"Shrug It Off","floor":55}],"player_experience":6606491,"relics_obtained":[{"floor":8,"key":"War Paint"},{"floor":9,"key":"Bag of Marbles"},{"floor":11,"key":"Mercury Hourglass"},{"floor":14,"key":"Regal Pillow"},{"floor":23,"key":"Juzu Bracelet"},{"floor":25,"key":"Tiny Chest"},{"floor":26,"key":"Sundial"},{"floor":29,"key":"WingedGreaves"},{"floor":36,"key":"Unceasing Top"},{"floor":39,"key":"The Courier"},{"floor":40,"key":"Ginger"},{"floor":41,"key":"Eternal Feather"},{"floor":47,"key":"HornCleat"},{"floor":48,"key":"Torii"},{"floor":55,"key":"Calipers"}],"event_choices":[{"damage_healed":0,"gold_gain":0,"player_choice":"Entered Light","damage_taken":20,"max_hp_gain":0,"max_hp_loss":0,"event_name":"Shining Light","floor":4,"gold_loss":0,"cards_upgraded":["Defend_P","Vigilance"]},{"damage_healed":22,"gold_gain":0,"player_choice":"Banana","damage_taken":0,"max_hp_gain":0,"max_hp_loss":0,"event_name":"Big Fish","floor":5,"gold_loss":0},{"damage_healed":0,"gold_gain":0,"player_choice":"Joined the Cult","damage_taken":6,"max_hp_gain":0,"max_hp_loss":0,"event_name":"Nest","floor":20,"gold_loss":0,"cards_obtained":["RitualDagger"]},{"damage_healed":0,"gold_gain":0,"player_choice":"Fight","damage_taken":0,"max_hp_gain":0,"max_hp_loss":0,"event_name":"Mysterious Sphere","floor":36,"gold_loss":0},{"cards_removed":["BowlingBash"],"damage_healed":5,"gold_gain":0,"player_choice":"Offered Common","damage_taken":0,"max_hp_gain":0,"max_hp_loss":0,"event_name":"Bonfire Elementals","floor":38,"gold_loss":0},{"cards_removed":["BowlingBash"],"damage_healed":5,"gold_gain":0,"player_choice":"Offered Special","damage_taken":0,"max_hp_gain":0,"max_hp_loss":0,"event_name":"Bonfire Elementals","floor":38,"gold_loss":0}],"is_beta":false,"boss_relics":[{"not_picked":["Cursed Key","Empty Cage"],"picked":"Astrolabe"},{"not_picked":["Tiny House","Calling Bell"],"picked":"VioletLotus"}],"items_purged_floors":[12,31,54],"is_endless":false,"potions_floor_spawned":[3,14,16,23,25,30,36,41,46,55],"ascension_level":20}