{"gold_per_floor":[116,133,150,51,51,51,86,86,86,101,127,140,140,40,40,114,114,128,43,62,112,122,157,157,191,191,191,202,202,234,250,250,321,321,337,337,365,42,60,90,90,115,142,183,183,218,218,218,218,218,218,218,218,66,102,102],"floor_reached":57,"playtime":4045,"items_purged":["Defend_P","Pain","Strike_P","LessonLearned"],"score":3372,"play_id":"304a66b1-94a6-4c10-be0c-fbbb983a6627","local_time":"20220413194523","is_ascension_mode":true,"campfire_choices":[{"data":"Eruption","floor":6,"key":"SMITH"},{"data":"BowlingBash","floor":8,"key":"SMITH"},{"data":"Wallop","floor":13,"key":"SMITH"},{"floor":15,"key":"REST"},{"data":"Scrawl","floor":24,"key":"SMITH"},{"floor":27,"key":"REST"},{"data":"Tantrum","floor":29,"key":"SMITH"},{"data":"ThirdEye","floor":32,"key":"SMITH"},{"floor":41,"key":"RECALL"},{"data":"Halt","floor":45,"key":"SMITH"},{"data":"CutThroughFate","floor":49,"key":"SMITH"},{"data":"EmptyBody","floor":53,"key":"SMITH"}],"neow_cost":"NONE","seed_source_timestamp":715816758690100,"circlet_count":0,"master_deck":["AscendersBane","Strike_P+1","Strike_P+1","Strike_P+1","Defend_P","Eruption+1","Vigilance+1","ThirdEye+1","EmptyBody+1","BowlingBash+1","JustLucky+1","CutThroughFate+1","Wallop+1","DeusExMachina+1","Tantrum+1","JustLucky+1","Scrawl+1","FearNoEvil","InnerPeace+1","Halt+1","Wallop+1","FlurryOfBlows+1","CutThroughFate+1","EmptyMind+1","Prostrate","InnerPeace+1"],"relics":["PureWater","WarpedTongs","GoldenEye","Bag of Marbles","Black Star","Anchor","Eternal Feather","Smiling Mask","Sundial","Akabeko","MealTicket","PreservedInsect","InkBottle","Runic Pyramid","MawBank","Yang","Ancient Tea Set","Matryoshka","Nunchaku","TeardropLocket","CeramicFish","Dream Catcher","Lantern","Bronze Scales","Question Card","Whetstone","Oddly Smooth Stone","TungstenRod"],"potions_floor_usage":[7,18,20,25,33,56],"damage_taken":[{"damage":7,"enemies":"Small Slimes","floor":1,"turns":3},{"damage":0,"enemies":"Cultist","floor":2,"turns":4},{"damage":0,"enemies":"2 Louse","floor":3,"turns":3},{"damage":14,"enemies":"Gremlin Nob","floor":7,"turns":3},{"damage":3,"enemies":"Looter","floor":10,"turns":3},{"damage":22,"enemies":"3 Sentries","floor":11,"turns":5},{"damage":3,"enemies":"Red Slaver","floor":12,"turns":2},{"damage":0,"enemies":"The Guardian","floor":16,"turns":8},{"damage":18,"enemies":"Spheric Guardian","floor":18,"turns":5},{"damage":0,"enemies":"Chosen","floor":20,"turns":2},{"damage":0,"enemies":"Sentry and Sphere","floor":22,"turns":2},{"damage":15,"enemies":"Slavers","floor":23,"turns":4},{"damage":24,"enemies":"Gremlin Leader","floor":25,"turns":5},{"damage":0,"enemies":"Centurion and Healer","floor":28,"turns":2},{"damage":0,"enemies":"Slavers","floor":30,"turns":1},{"damage":0,"enemies":"Shelled Parasite and Fungi","floor":31,"turns":2},{"damage":37,"enemies":"Champ","floor":33,"turns":8},{"damage":0,"enemies":"3 Shapes","floor":35,"turns":2},{"damage":0,"enemies":"3 Darklings","floor":37,"turns":2},{"damage":0,"enemies":"Jaw Worm Horde","floor":39,"turns":2},{"damage":0,"enemies":"Nemesis","floor":40,"turns":3},{"damage":0,"enemies":"Giant Head","floor":42,"turns":5},{"damage":0,"enemies":"Nemesis","floor":44,"turns":2},{"damage":0,"enemies":"Giant Head","floor":46,"turns":3},{"damage":0,"enemies":"Donu and Deca","floor":50,"turns":6},{"damage":15,"enemies":"Awakened One","floor":51,"turns":12},{"damage":0,"enemies":"Shield and Spear","floor":55,"turns":3},{"damage":44,"enemies":"The Heart","floor":56,"turns":7}],"seed_played":"-5575115527727881753","potions_obtained":[{"floor":2,"key":"Weak Potion"},{"floor":3,"key":"Ancient Potion"},{"floor":12,"key":"Dexterity Potion"},{"floor":16,"key":"ColorlessPotion"},{"floor":18,"key":"Ancient Potion"},{"floor":28,"key":"BottledMiracle"},{"floor":31,"key":"Explosive Potion"},{"floor":33,"key":"Weak Potion"},{"floor":39,"key":"Regen Potion"},{"floor":46,"key":"Ambrosia"}],"is_trial":false,"path_per_floor":["M","M","M","$","?","R","E","R","T","M","E","M","R","$","R","B",null,"M","?","M","?","M","E","R","E","T","R","M","R","E","M","R","B",null,"M","T","M","$","M","E","R","E","T","E","R","E","?","?","R","B","B",null,"R","$","E","B",null],"character_chosen":"WATCHER","items_purchased":["BowlingBash","Yang","Prostrate","PowerPotion"],"campfire_rested":2,"item_purchase_floors":[4,38,54,54],"current_hp_per_floor":[54,54,54,54,54,54,40,40,40,37,15,12,12,12,32,32,59,41,41,41,41,41,26,38,14,14,46,46,58,58,58,68,31,59,59,59,59,68,68,68,68,68,68,68,68,68,68,68,68,68,53,64,68,68,68,24],"gold":102,"neow_bonus":"REMOVE_CARD","is_prod":false,"is_daily":false,"chose_seed":false,"campfire_upgraded":9,"win_rate":0,"timestamp":1649893523,"path_taken":["M","M","M","$","?","R","E","R","T","?","E","M","R","$","R","BOSS","M","?","M","?","?","E","R","E","T","R","M","R","E","M","R","BOSS","M","?","M","$","M","E","R","E","T","E","R","E","?","?","R","BOSS","BOSS","R","$","E","BOSS"],"build_version":"2022-03-07","purchased_purges":4,"victory":true,"max_hp_per_floor":[68,68,68,68,68,68,68,68,68,68,68,68,68,68,68,68,68,68,68,68,68,68,68,68,68,68,68,68,68,68,68,68,68,68,68,68,68,68,68,68,68,68,68,68,68,68,68,68,68,68,68,68,68,68,68,68],"relic_stats":{"counters":[28,109],"CeramicFish":36,"Eternal Feather":50,"Yang":[247],"PreservedInsect":437,"Whetstone":["Wallop","Strike_P"],"GoldenEye":[182],"Smiling Mask":175,"MawBank":24,"Ancient Tea Set":[8],"Question Card":1,"WarpedTongs":[91],"Nunchaku":[21],"Dream Catcher":0,"Matryoshka":1,"Sundial":[12],"Bronze Scales":[194],"MealTicket":9,"Black Star":8,"PureWater":[37],"obtain_stats":[{"Lantern":44,"CeramicFish":43,"Yang":38,"TeardropLocket":42,"Whetstone":46,"Smiling Mask":23,"Ancient Tea Set":40,"Nunchaku":42,"Dream Catcher":43,"Matryoshka":40,"Sundial":25,"MealTicket":26,"InkBottle":30,"Runic Pyramid":34,"Oddly Smooth Stone":55,"Eternal Feather":23,"PreservedInsect":30,"GoldenEye":7,"MawBank":36,"Question Card":46,"Akabeko":25,"WarpedTongs":5,"Anchor":19,"Bronze Scales":44,"Bag of Marbles":11,"Black Star":17,"PureWater":0,"TungstenRod":55},{"Lantern":23,"CeramicFish":22,"Yang":19,"TeardropLocket":22,"Whetstone":24,"Smiling Mask":12,"Ancient Tea Set":21,"Nunchaku":22,"Dream Catcher":22,"Matryoshka":21,"Sundial":13,"MealTicket":13,"InkBottle":15,"Runic Pyramid":17,"Oddly Smooth Stone":27,"Eternal Feather":12,"PreservedInsect":15,"GoldenEye":4,"MawBank":18,"Question Card":24,"Akabeko":13,"WarpedTongs":3,"Anchor":9,"Bronze Scales":23,"Bag of Marbles":6,"Black Star":8,"PureWater":0,"TungstenRod":27},{"Lantern":78,"CeramicFish":76,"Yang":66,"TeardropLocket":76,"Whetstone":81,"Smiling Mask":44,"Ancient Tea Set":71,"Nunchaku":76,"Dream Catcher":76,"Matryoshka":71,"Sundial":49,"MealTicket":49,"InkBottle":52,"Runic Pyramid":62,"Oddly Smooth Stone":102,"Eternal Feather":44,"PreservedInsect":52,"GoldenEye":13,"MawBank":64,"Question Card":81,"Akabeko":49,"WarpedTongs":10,"Anchor":36,"Bronze Scales":78,"Bag of Marbles":21,"Black Star":31,"PureWater":0,"TungstenRod":102}],"InkBottle":[46],"TungstenRod":7},"card_choices":[{"not_picked":["JustLucky","WindmillStrike"],"picked":"ThirdEye","floor":1},{"not_picked":["InnerPeace","Prostrate"],"picked":"EmptyBody","floor":2},{"not_picked":["EmptyFist","Pray"],"picked":"BattleHymn","floor":3},{"not_picked":["Crescendo","Halt","Sanctity"],"picked":"SKIP","floor":7},{"not_picked":["LikeWater","SashWhip"],"picked":"JustLucky","floor":10},{"not_picked":["EmptyBody","Protect"],"picked":"CutThroughFate","floor":11},{"not_picked":["Study","Prostrate"],"picked":"Wallop","floor":12},{"not_picked":["Judgement","Ragnarok"],"picked":"DeusExMachina","floor":16},{"not_picked":["ClearTheMind","ThirdEye"],"picked":"Tantrum","floor":18},{"not_picked":["Wallop","EmptyBody+1"],"picked":"JustLucky+1","floor":20},{"not_picked":["ThirdEye","Crescendo","Consecrate"],"picked":"SKIP","floor":22},{"not_picked":["MasterReality","EmptyBody"],"picked":"Scrawl","floor":23},{"not_picked":["Crescendo","JustLucky","ForeignInfluence"],"picked":"SKIP","floor":25},{"not_picked":["FollowUp","BowlingBash"],"picked":"FearNoEvil","floor":28},{"not_picked":["Study","ThirdEye","DevaForm"],"picked":"SKIP","floor":30},{"not_picked":["Protect","EmptyFist+1","Sanctity"],"picked":"SKIP","floor":31},{"not_picked":["Omniscience","Ragnarok"],"picked":"LessonLearned","floor":33},{"not_picked":["ClearTheMind","Consecrate"],"picked":"InnerPeace","floor":35},{"not_picked":["EmptyBody","FlyingSleeves+1"],"picked":"Halt","floor":37},{"not_picked":["Evaluate","ReachHeaven","Alpha"],"picked":"SKIP","floor":39},{"not_picked":["Evaluate","Perseverance"],"picked":"Wallop","floor":40},{"not_picked":["CutThroughFate","Protect+1"],"picked":"FlurryOfBlows","floor":42},{"not_picked":["FlurryOfBlows","Consecrate+1"],"picked":"CutThroughFate","floor":44},{"not_picked":["ReachHeaven+1","Collect"],"picked":"EmptyMind+1","floor":46},{"not_picked":["Evaluate","BowlingBash","Worship"],"picked":"InnerPeace+1","floor":55}],"player_experience":6659324,"relics_obtained":[{"floor":7,"key":"GoldenEye"},{"floor":11,"key":"Bag of Marbles"},{"floor":23,"key":"Eternal Feather"},{"floor":23,"key":"Smiling Mask"},{"floor":25,"key":"Sundial"},{"floor":25,"key":"Akabeko"},{"floor":26,"key":"MealTicket"},{"floor":30,"key":"PreservedInsect"},{"floor":30,"key":"InkBottle"},{"floor":36,"key":"MawBank"},{"floor":40,"key":"Ancient Tea Set"},{"floor":40,"key":"Matryoshka"},{"floor":42,"key":"Nunchaku"},{"floor":42,"key":"TeardropLocket"},{"floor":43,"key":"CeramicFish"},{"floor":43,"key":"Dream Catcher"},{"floor":44,"key":"Lantern"},{"floor":44,"key":"Bronze Scales"},{"floor":46,"key":"Question Card"},{"floor":46,"key":"Whetstone"},{"floor":55,"key":"Oddly Smooth Stone"},{"floor":55,"key":"TungstenRod"}],"event_choices":[{"damage_healed":0,"gold_gain":0,"player_choice":"Rummage","damage_taken":0,"relics_obtained":["WarpedTongs"],"max_hp_gain":0,"max_hp_loss":0,"event_name":"Accursed Blacksmith","floor":5,"gold_loss":0,"cards_obtained":["Pain"]},{"damage_healed":0,"gold_gain":0,"player_choice":"Obtained Relic","damage_taken":0,"relics_obtained":["Anchor"],"max_hp_gain":0,"max_hp_loss":0,"event_name":"Addict","floor":19,"gold_loss":85},{"damage_healed":0,"gold_gain":50,"player_choice":"Pray","damage_taken":0,"max_hp_gain":0,"max_hp_loss":0,"event_name":"Golden Shrine","floor":21,"gold_loss":0},{"cards_removed":["BattleHymn"],"damage_healed":0,"gold_gain":0,"player_choice":"Removed Power","damage_taken":0,"max_hp_gain":0,"max_hp_loss":0,"event_name":"Falling","floor":47,"gold_loss":0},{"cards_removed":["Defend_P"],"damage_healed":0,"gold_gain":0,"player_choice":"Purged","damage_taken":0,"max_hp_gain":0,"max_hp_loss":0,"event_name":"Purifier","floor":48,"gold_loss":0}],"is_beta":false,"boss_relics":[{"not_picked":["Empty Cage","Snecko Eye"],"picked":"Black Star"},{"not_picked":["Runic Dome","HolyWater"],"picked":"Runic Pyramid"}],"items_purged_floors":[4,14,38,54],"is_endless":false,"potions_floor_spawned":[2,3,12,16,18,28,31,33,39,40,46,55],"ascension_level":20}