{"gold_per_floor":[112,125,144,157,157,157,157,190,190,190,225,62,101,142,142,241,241,264,280,305,255,269,300,300,300,325,340,373,373,373,391,391,467,467,477,477,487,356,216,251,265,265,291,291,76,90,118,129,129,129,129,129,129,23,54,54],"floor_reached":57,"playtime":6657,"items_purged":["Defend_P","Strike_P","Strike_P","Strike_P","Defend_P","Defend_P"],"score":3060,"play_id":"ae8b588f-d9a0-4763-ac1b-2d7e5d31285d","local_time":"20220412143048","is_ascension_mode":true,"campfire_choices":[{"data":"Eruption","floor":6,"key":"SMITH"},{"data":"Meditate","floor":15,"key":"SMITH"},{"floor":24,"key":"REST"},{"data":"Scrawl","floor":29,"key":"SMITH"},{"data":"CrushJoints","floor":32,"key":"SMITH"},{"floor":42,"key":"RECALL"},{"data":"EmptyMind","floor":49,"key":"SMITH"},{"data":"Omniscience","floor":53,"key":"SMITH"}],"neow_cost":"TEN_PERCENT_HP_LOSS","seed_source_timestamp":607924347949800,"circlet_count":0,"master_deck":["AscendersBane","Strike_P+1","Eruption+1","Vigilance","BowlingBash+1","Vengeance","CrushJoints+1","Meditate+1","ReachHeaven","MentalFortress+1","FearNoEvil","Halt","Scrawl+1","EmptyFist+1","EmptyFist+1","EmptyMind+1","Wireheading+1","Omniscience+1","Adaptation+1","MentalFortress+1","SashWhip+1","JustLucky+1","Adaptation+1"],"relics":["PureWater","WingedGreaves","Bloody Idol","InkBottle","Thread and Needle","Frozen Egg 2","Smiling Mask","Pocketwatch","Ornamental Fan","VioletLotus","Whetstone","CloakClasp","Coffee Dripper","Pen Nib","Toolbox","Molten Egg 2","GoldenEye"],"potions_floor_usage":[8,14,23,47,55,56],"damage_taken":[{"damage":0,"enemies":"Cultist","floor":1,"turns":3},{"damage":1,"enemies":"Small Slimes","floor":2,"turns":2},{"damage":7,"enemies":"Jaw Worm","floor":3,"turns":2},{"damage":9,"enemies":"Large Slime","floor":4,"turns":6},{"damage":7,"enemies":"Lagavulin","floor":8,"turns":7},{"damage":7,"enemies":"Gremlin Nob","floor":11,"turns":3},{"damage":0,"enemies":"Lagavulin","floor":13,"turns":4},{"damage":2,"enemies":"3 Sentries","floor":14,"turns":5},{"damage":39,"enemies":"Slime Boss","floor":16,"turns":5},{"damage":0,"enemies":"Spheric Guardian","floor":18,"turns":3},{"damage":12,"enemies":"Shell Parasite","floor":19,"turns":2},{"damage":0,"enemies":"Centurion and Healer","floor":20,"turns":4},{"damage":0,"enemies":"Cultist and Chosen","floor":22,"turns":4},{"damage":10,"enemies":"Gremlin Leader","floor":23,"turns":5},{"damage":8,"enemies":"Snake Plant","floor":27,"turns":2},{"damage":6,"enemies":"Book of Stabbing","floor":28,"turns":4},{"damage":0,"enemies":"Centurion and Healer","floor":31,"turns":3},{"damage":9,"enemies":"Champ","floor":33,"turns":7},{"damage":5,"enemies":"Orb Walker","floor":35,"turns":3},{"damage":0,"enemies":"3 Darklings","floor":37,"turns":3},{"damage":0,"enemies":"Giant Head","floor":40,"turns":5},{"damage":0,"enemies":"Maw","floor":41,"turns":5},{"damage":0,"enemies":"Jaw Worm Horde","floor":46,"turns":3},{"damage":0,"enemies":"Reptomancer","floor":47,"turns":4},{"damage":0,"enemies":"Transient","floor":48,"turns":5},{"damage":0,"enemies":"Donu and Deca","floor":50,"turns":5},{"damage":0,"enemies":"Awakened One","floor":51,"turns":6},{"damage":2,"enemies":"Shield and Spear","floor":55,"turns":4},{"damage":13,"enemies":"The Heart","floor":56,"turns":7}],"seed_played":"-14586965897747494","potions_obtained":[{"floor":1,"key":"EssenceOfSteel"},{"floor":2,"key":"FairyPotion"},{"floor":13,"key":"EssenceOfSteel"},{"floor":16,"key":"LiquidMemories"},{"floor":20,"key":"LiquidMemories"},{"floor":27,"key":"SteroidPotion"},{"floor":28,"key":"Ambrosia"},{"floor":47,"key":"ColorlessPotion"},{"floor":55,"key":"AttackPotion"}],"is_trial":false,"path_per_floor":["M","M","M","M","?","R","T","E","T","?","E","$","E","E","R","B",null,"M","M","M","$","M","E","R","?","T","M","E","R","?","M","R","B",null,"M","?","M","$","$","E","M","R","T","?","$","M","E","M","R","B","B",null,"R","$","E","B",null],"character_chosen":"WATCHER","items_purchased":["MentalFortress+1","FearNoEvil","Adaptation+1","MentalFortress+1","Toolbox","Weak Potion"],"campfire_rested":1,"item_purchase_floors":[12,12,38,39,45,54],"current_hp_per_floor":[61,60,53,44,44,44,44,37,37,37,30,30,30,28,28,16,46,46,34,34,34,34,24,40,40,40,32,26,26,26,31,31,27,49,49,49,53,53,53,53,53,53,53,53,53,53,53,53,53,53,53,53,53,53,53,40],"gold":54,"neow_bonus":"ONE_RARE_RELIC","is_prod":false,"is_daily":false,"chose_seed":false,"campfire_upgraded":6,"win_rate":0,"timestamp":1649788248,"path_taken":["M","M","M","?","?","R","?","E","T","?","E","$","E","E","R","BOSS","M","M","M","$","M","E","R","?","T","M","E","R","?","M","R","BOSS","M","?","M","$","$","E","M","R","T","?","$","M","E","M","R","BOSS","BOSS","R","$","E","BOSS"],"build_version":"2022-03-07","purchased_purges":6,"victory":true,"max_hp_per_floor":[62,62,62,62,56,56,56,56,56,56,56,56,56,56,56,56,56,56,56,56,56,56,56,56,56,56,56,56,56,56,56,56,56,56,56,53,53,53,53,53,53,53,53,53,53,53,53,53,53,53,53,53,53,53,53,53],"relic_stats":{"counters":[29,121],"Pen Nib":[17],"CloakClasp":[240],"Whetstone":["BowlingBash","Strike_P"],"Smiling Mask":525,"GoldenEye":[16],"Ornamental Fan":[292],"Bloody Idol":21,"WingedGreaves":3,"VioletLotus":[82],"PureWater":[26],"obtain_stats":[{"Golden Idol":5,"Thread and Needle":8,"Pen Nib":40,"CloakClasp":28,"Whetstone":26,"Frozen Egg 2":9,"Smiling Mask":11,"GoldenEye":55,"Ornamental Fan":14,"Bloody Idol":30,"Toolbox":45,"Molten Egg 2":47,"WingedGreaves":0,"VioletLotus":17,"Coffee Dripper":34,"PureWater":0,"InkBottle":7,"Pocketwatch":13},{"Golden Idol":4,"Thread and Needle":5,"Pen Nib":21,"CloakClasp":16,"Whetstone":14,"Frozen Egg 2":5,"Smiling Mask":6,"GoldenEye":28,"Ornamental Fan":8,"Bloody Idol":16,"Toolbox":22,"Molten Egg 2":24,"WingedGreaves":0,"VioletLotus":9,"Coffee Dripper":18,"PureWater":0,"InkBottle":4,"Pocketwatch":7},{"Golden Idol":13,"Thread and Needle":20,"Pen Nib":82,"CloakClasp":61,"Whetstone":55,"Frozen Egg 2":20,"Smiling Mask":23,"GoldenEye":114,"Ornamental Fan":32,"Bloody Idol":61,"Toolbox":87,"Molten Egg 2":94,"WingedGreaves":0,"VioletLotus":37,"Coffee Dripper":71,"PureWater":0,"InkBottle":13,"Pocketwatch":27}],"InkBottle":[59],"Pocketwatch":[55]},"card_choices":[{"not_picked":["Halt","Nirvana"],"picked":"BowlingBash","floor":1},{"not_picked":["ThirdEye","Crescendo"],"picked":"Vengeance","floor":2},{"not_picked":["Perseverance","BowlingBash","Evaluate"],"picked":"SKIP","floor":3},{"not_picked":["Perseverance","BowlingBash","Evaluate"],"picked":"SKIP","floor":3},{"not_picked":["Judgement","TalkToTheHand"],"picked":"CrushJoints","floor":4},{"not_picked":["SashWhip","ThirdEye"],"picked":"Meditate","floor":8},{"not_picked":["ClearTheMind","Wish","Prostrate"],"picked":"SKIP","floor":11},{"not_picked":["Evaluate","Prostrate","Vengeance"],"picked":"SKIP","floor":13},{"not_picked":["Evaluate","Prostrate","Vengeance"],"picked":"SKIP","floor":13},{"not_picked":["Evaluate","Prostrate","Vengeance"],"picked":"SKIP","floor":13},{"not_picked":["Evaluate","TalkToTheHand"],"picked":"Halt","floor":14},{"not_picked":["Blasphemy","Devotion+1"],"picked":"Scrawl","floor":16},{"not_picked":["FlyingSleeves","CutThroughFate+1"],"picked":"EmptyFist+1","floor":18},{"not_picked":["FlurryOfBlows","Conclude"],"picked":"EmptyFist+1","floor":19},{"not_picked":["Evaluate","Swivel"],"picked":"EmptyMind","floor":20},{"not_picked":["Evaluate","JustLucky","FlurryOfBlows"],"picked":"SKIP","floor":22},{"not_picked":["Evaluate","JustLucky","FlurryOfBlows"],"picked":"SKIP","floor":22},{"not_picked":["PathToVictory","Consecrate"],"picked":"Wireheading+1","floor":23},{"not_picked":["FlurryOfBlows","Halt","Perseverance"],"picked":"SKIP","floor":27},{"not_picked":["BowlingBash","JustLucky","EmptyBody"],"picked":"SKIP","floor":28},{"not_picked":["BowlingBash","JustLucky","EmptyBody"],"picked":"SKIP","floor":28},{"not_picked":["CutThroughFate","Tantrum","FlurryOfBlows"],"picked":"SKIP","floor":31},{"not_picked":["Blasphemy","Judgement"],"picked":"Omniscience","floor":33},{"not_picked":["SashWhip","WindmillStrike","Pray"],"picked":"SKIP","floor":35},{"not_picked":["ReachHeaven","FlyingSleeves","SashWhip"],"picked":"SKIP","floor":37},{"not_picked":["MentalFortress+1","ClearTheMind"],"picked":"SashWhip+1","floor":40},{"not_picked":["Consecrate+1","Tantrum","FlurryOfBlows"],"picked":"SKIP","floor":41},{"not_picked":["Consecrate+1","CutThroughFate","FlurryOfBlows+1"],"picked":"SKIP","floor":46},{"not_picked":["SignatureMove+1","SpiritShield"],"picked":"JustLucky+1","floor":47},{"not_picked":["Halt+1","ThirdEye","FollowUp+1"],"picked":"SKIP","floor":48},{"not_picked":["BattleHymn+1","Consecrate+1"],"picked":"Adaptation+1","floor":55}],"player_experience":6635542,"relics_obtained":[{"floor":7,"key":"InkBottle"},{"floor":8,"key":"Thread and Needle"},{"floor":9,"key":"Frozen Egg 2"},{"floor":11,"key":"Smiling Mask"},{"floor":13,"key":"Pocketwatch"},{"floor":14,"key":"Ornamental Fan"},{"floor":26,"key":"Whetstone"},{"floor":28,"key":"CloakClasp"},{"floor":40,"key":"Pen Nib"},{"floor":47,"key":"Molten Egg 2"},{"floor":55,"key":"GoldenEye"}],"event_choices":[{"damage_healed":0,"gold_gain":0,"player_choice":"Lose Max HP","damage_taken":0,"relics_obtained":["Golden Idol"],"max_hp_gain":0,"max_hp_loss":6,"event_name":"Golden Idol","floor":5,"gold_loss":0},{"damage_healed":0,"gold_gain":0,"cards_transformed":["Defend_P"],"player_choice":"Transformed","damage_taken":0,"max_hp_gain":0,"max_hp_loss":0,"event_name":"Transmorgrifier","floor":10,"gold_loss":0,"cards_obtained":["ReachHeaven"]},{"damage_healed":0,"gold_gain":0,"player_choice":"Ignored","damage_taken":0,"max_hp_gain":0,"max_hp_loss":0,"event_name":"The Mausoleum","floor":25,"gold_loss":0},{"damage_healed":0,"gold_gain":0,"player_choice":"Gave Idol","damage_taken":0,"relics_obtained":["Bloody Idol"],"max_hp_gain":0,"max_hp_loss":0,"event_name":"Forgotten Altar","floor":30,"relics_lost":["Golden Idol"],"gold_loss":0},{"damage_healed":0,"gold_gain":0,"player_choice":"Max HP","damage_taken":0,"max_hp_gain":0,"max_hp_loss":3,"event_name":"Winding Halls","floor":36,"gold_loss":0},{"damage_healed":0,"gold_gain":0,"player_choice":"Ignored","damage_taken":0,"max_hp_gain":0,"max_hp_loss":0,"event_name":"Tomb of Lord Red Mask","floor":44,"gold_loss":0}],"is_beta":false,"boss_relics":[{"not_picked":["Calling Bell","Tiny House"],"picked":"VioletLotus"},{"not_picked":["Black Star","Fusion Hammer"],"picked":"Coffee Dripper"}],"items_purged_floors":[12,21,38,39,45,54],"is_endless":false,"potions_floor_spawned":[1,2,13,16,20,27,28,35,41,46,47,55],"ascension_level":20}