{"gold_per_floor":[110,124,124,199,199,231,242,253,253,265,265,299,299,299,299,299],"floor_reached":16,"playtime":523,"items_purged":[],"score":270,"play_id":"aba711e5-38e7-46d9-8401-5a54ee6e9565","local_time":"20220413183722","is_ascension_mode":true,"campfire_choices":[{"data":"Meditate","floor":13,"key":"SMITH"},{"data":"Eruption","floor":15,"key":"SMITH"}],"neow_cost":"NONE","seed_source_timestamp":715281875308300,"circlet_count":0,"master_deck":["AscendersBane","Strike_P","Strike_P","Strike_P","Strike_P","Defend_P","Defend_P","Defend_P","Eruption+1","Vigilance","PathToVictory","ThirdEye","WheelKick","BowlingBash","Meditate+1","Scrawl"],"relics":["PureWater","NeowsBlessing","Regal Pillow","Potion Belt","Bottled Flame","Blue Candle"],"potions_floor_usage":[12],"damage_taken":[{"damage":0,"enemies":"2 Louse","floor":1,"turns":1},{"damage":0,"enemies":"Jaw Worm","floor":2,"turns":1},{"damage":0,"enemies":"3 Sentries","floor":6,"turns":2},{"damage":0,"enemies":"Cultist","floor":7,"turns":4},{"damage":1,"enemies":"3 Louse","floor":8,"turns":3},{"damage":9,"enemies":"Red Slaver","floor":10,"turns":5},{"damage":16,"enemies":"Gremlin Nob","floor":12,"turns":3},{"damage":36,"enemies":"Hexaghost","floor":16,"turns":7}],"seed_played":"7197830883727548327","potions_obtained":[{"floor":6,"key":"SteroidPotion"},{"floor":10,"key":"EssenceOfSteel"}],"is_trial":false,"path_per_floor":["M","M","?","?","?","E","M","M","T","M","?","E","R","?","R","B"],"character_chosen":"WATCHER","items_purchased":[],"campfire_rested":0,"item_purchase_floors":[],"current_hp_per_floor":[61,61,61,50,68,68,68,67,67,58,51,35,35,35,35,0],"gold":299,"neow_bonus":"THREE_ENEMY_KILL","is_prod":false,"is_daily":false,"chose_seed":false,"campfire_upgraded":2,"win_rate":0,"timestamp":1649889442,"path_taken":["M","M","?","?","?","E","M","M","T","?","?","E","R","?","R","BOSS"],"build_version":"2022-03-07","purchased_purges":0,"victory":false,"max_hp_per_floor":[68,68,68,68,68,68,68,68,68,68,68,68,68,68,68,68],"relic_stats":{"Regal Pillow":0,"Bottled Flame":"BowlingBash","counters":[8,26],"Blue Candle":[0],"PureWater":[5],"obtain_stats":[{"Potion Belt":9,"Regal Pillow":6,"Bottled Flame":12,"NeowsBlessing":0,"Blue Candle":14,"PureWater":0},{"Potion Belt":5,"Regal Pillow":3,"Bottled Flame":7,"NeowsBlessing":0,"Blue Candle":7,"PureWater":0},{"Potion Belt":11,"Regal Pillow":4,"Bottled Flame":19,"NeowsBlessing":0,"Blue Candle":19,"PureWater":0}]},"card_choices":[{"not_picked":["Vengeance","Evaluate"],"picked":"PathToVictory","floor":1},{"not_picked":["Halt","Fasting2"],"picked":"ThirdEye","floor":2},{"not_picked":["Halt","ClearTheMind"],"picked":"WheelKick","floor":6},{"not_picked":["Adaptation","Fasting2"],"picked":"BowlingBash","floor":7},{"not_picked":["Swivel","Fasting2"],"picked":"Meditate","floor":8},{"not_picked":["Pray","Protect"],"picked":"Scrawl","floor":10},{"not_picked":["SignatureMove","CarveReality","EmptyFist"],"picked":"SKIP","floor":12}],"player_experience":6658801,"relics_obtained":[{"floor":6,"key":"Regal Pillow"},{"floor":9,"key":"Potion Belt"},{"floor":12,"key":"Bottled Flame"}],"event_choices":[{"damage_healed":0,"gold_gain":0,"player_choice":"Ignored","damage_taken":0,"max_hp_gain":0,"max_hp_loss":0,"event_name":"Liars Game","floor":3,"gold_loss":0},{"damage_healed":0,"gold_gain":75,"player_choice":"Gather Gold","damage_taken":11,"max_hp_gain":0,"max_hp_loss":0,"event_name":"World of Goop","floor":4,"gold_loss":0},{"damage_healed":22,"gold_gain":0,"player_choice":"Banana","damage_taken":0,"max_hp_gain":0,"max_hp_loss":0,"event_name":"Big Fish","floor":5,"gold_loss":0},{"cards_removed":["Defend_P"],"damage_healed":0,"gold_gain":0,"player_choice":"Card Removal","damage_taken":7,"max_hp_gain":0,"max_hp_loss":0,"event_name":"Golden Wing","floor":11,"gold_loss":0},{"damage_healed":0,"gold_gain":0,"player_choice":"Gave Potion","damage_taken":0,"relics_obtained":["Blue Candle"],"max_hp_gain":0,"max_hp_loss":0,"event_name":"WeMeetAgain","floor":14,"gold_loss":0}],"is_beta":false,"boss_relics":[],"items_purged_floors":[],"is_endless":false,"potions_floor_spawned":[6,10],"killed_by":"Hexaghost","ascension_level":20}