{"gold_per_floor":[110,6,81,81,81,116,116,130,130,143,174,174,187,214,214,286,286,306,306,320,245,23,50,50,50,123,134,84,96,127,138,138,138],"floor_reached":33,"playtime":3580,"items_purged":["Defend_P","Defend_P","Bite"],"score":831,"play_id":"bc18c98f-1ace-4b7e-a232-c401396dfc07","local_time":"20220423131845","is_ascension_mode":true,"campfire_choices":[{"data":"Eruption","floor":7,"key":"SMITH"},{"data":"SandsOfTime","floor":15,"key":"SMITH"},{"data":"RitualDagger","floor":25,"key":"SMITH"},{"data":"Prostrate","floor":32,"key":"SMITH"}],"neow_cost":"NONE","seed_source_timestamp":1557067389438600,"circlet_count":0,"master_deck":["AscendersBane","Defend_P","Eruption+1","Vigilance","SandsOfTime+1","CutThroughFate","CarveReality","Wireheading","Prostrate","ThirdEye","Scrawl","Bite","Bite","Bite","Bite","RitualDagger+1","Prostrate+1"],"relics":["PureWater","NeowsBlessing","Pen Nib","Potion Belt","Smiling Mask","Thread and Needle","Bottled Flame","SlaversCollar","Bag of Marbles","HornCleat","Incense Burner"],"potions_floor_usage":[18,23,31,33,33,33],"damage_taken":[{"damage":0,"enemies":"Jaw Worm","floor":1,"turns":1},{"damage":0,"enemies":"Lagavulin","floor":6,"turns":1},{"damage":0,"enemies":"Small Slimes","floor":8,"turns":2},{"damage":0,"enemies":"Cultist","floor":10,"turns":2},{"damage":7,"enemies":"3 Sentries","floor":11,"turns":4},{"damage":5,"enemies":"Large Slime","floor":13,"turns":3},{"damage":0,"enemies":"Lagavulin","floor":14,"turns":4},{"damage":0,"enemies":"The Guardian","floor":16,"turns":9},{"damage":0,"enemies":"Spheric Guardian","floor":18,"turns":1},{"damage":8,"enemies":"2 Thieves","floor":20,"turns":5},{"damage":32,"enemies":"Book of Stabbing","floor":23,"turns":5},{"damage":0,"enemies":"Snake Plant","floor":27,"turns":2},{"damage":0,"enemies":"3 Cultists","floor":29,"turns":3},{"damage":10,"enemies":"Slavers","floor":30,"turns":2},{"damage":0,"enemies":"Sentry and Sphere","floor":31,"turns":3},{"damage":43,"enemies":"Collector","floor":33,"turns":6}],"seed_played":"829320258363805300","potions_obtained":[{"floor":1,"key":"SpeedPotion"},{"floor":8,"key":"Dexterity Potion"},{"floor":13,"key":"SpeedPotion"},{"floor":14,"key":"Energy Potion"},{"floor":18,"key":"Weak Potion"},{"floor":23,"key":"BlessingOfTheForge"},{"floor":30,"key":"Fire Potion"}],"is_trial":false,"path_per_floor":["M","$","?","?","$","E","R","M","T","M","E","?","M","E","R","B",null,"M","?","M","?","$","E","?","R","T","M","$","M","E","M","R","B"],"character_chosen":"WATCHER","items_purchased":["CutThroughFate","Bag of Marbles"],"campfire_rested":0,"item_purchase_floors":[2,22],"current_hp_per_floor":[61,61,50,45,45,45,45,45,45,45,38,38,33,33,33,33,59,59,47,43,43,43,19,13,13,13,17,17,25,21,25,25,0],"gold":138,"neow_bonus":"THREE_ENEMY_KILL","is_prod":false,"is_daily":false,"chose_seed":false,"campfire_upgraded":4,"win_rate":0,"timestamp":1650734325,"path_taken":["M","$","?","?","?","E","R","M","T","?","E","?","M","E","R","BOSS","M","?","M","?","$","E","?","R","T","?","$","M","E","M","R","BOSS"],"build_version":"2022-03-07","purchased_purges":3,"victory":false,"max_hp_per_floor":[68,68,68,68,68,68,68,68,68,68,68,68,68,68,68,68,68,68,47,47,47,47,47,47,47,47,47,47,47,47,47,47,47],"relic_stats":{"Bottled Flame":"SandsOfTime","counters":[16,53],"Pen Nib":[10],"PureWater":[10],"Smiling Mask":125,"obtain_stats":[{"Potion Belt":6,"SlaversCollar":17,"Bottled Flame":14,"HornCleat":23,"NeowsBlessing":0,"Thread and Needle":11,"Pen Nib":4,"Bag of Marbles":22,"Incense Burner":30,"PureWater":0,"Smiling Mask":9},{"Potion Belt":2,"SlaversCollar":8,"Bottled Flame":7,"HornCleat":11,"NeowsBlessing":0,"Thread and Needle":5,"Pen Nib":1,"Bag of Marbles":10,"Incense Burner":14,"PureWater":0,"Smiling Mask":3},{"Potion Belt":2,"SlaversCollar":26,"Bottled Flame":17,"HornCleat":37,"NeowsBlessing":0,"Thread and Needle":10,"Pen Nib":1,"Bag of Marbles":32,"Incense Burner":44,"PureWater":0,"Smiling Mask":4}]},"card_choices":[{"not_picked":["Study","EmptyBody"],"picked":"SandsOfTime","floor":1},{"not_picked":["ClearTheMind","SignatureMove"],"picked":"CarveReality","floor":6},{"not_picked":["ReachHeaven","Collect"],"picked":"Wireheading","floor":8},{"not_picked":["Halt","BowlingBash","Wireheading"],"picked":"SKIP","floor":10},{"not_picked":["Halt","BowlingBash","Wireheading"],"picked":"SKIP","floor":10},{"not_picked":["Halt","BowlingBash","Wireheading"],"picked":"SKIP","floor":10},{"not_picked":["JustLucky","Omniscience"],"picked":"Prostrate","floor":11},{"not_picked":["SandsOfTime","SashWhip"],"picked":"ThirdEye","floor":13},{"not_picked":["SignatureMove","ReachHeaven","BattleHymn"],"picked":"SKIP","floor":14},{"not_picked":["Wish","Brilliance"],"picked":"Scrawl","floor":16},{"not_picked":["BattleHymn","ClearTheMind","ThirdEye"],"picked":"SKIP","floor":18},{"not_picked":["CrushJoints","Weave","FollowUp"],"picked":"SKIP","floor":20},{"not_picked":["BattleHymn","ClearTheMind","WreathOfFlame"],"picked":"SKIP","floor":23},{"not_picked":["WheelKick","FlyingSleeves","CarveReality"],"picked":"SKIP","floor":27},{"not_picked":["PathToVictory","ConjureBlade"],"picked":"Prostrate","floor":29},{"not_picked":["Consecrate","Halt","BowlingBash"],"picked":"SKIP","floor":30},{"not_picked":["FlyingSleeves","EmptyFist","LessonLearned"],"picked":"SKIP","floor":31}],"player_experience":6753187,"relics_obtained":[{"floor":6,"key":"Potion Belt"},{"floor":9,"key":"Smiling Mask"},{"floor":11,"key":"Thread and Needle"},{"floor":14,"key":"Bottled Flame"},{"floor":23,"key":"HornCleat"},{"floor":30,"key":"Incense Burner"}],"event_choices":[{"damage_healed":0,"gold_gain":75,"player_choice":"Gather Gold","damage_taken":11,"max_hp_gain":0,"max_hp_loss":0,"event_name":"World of Goop","floor":3,"gold_loss":0},{"damage_healed":0,"gold_gain":0,"player_choice":"Success","damage_taken":5,"relics_obtained":["Pen Nib"],"max_hp_gain":0,"max_hp_loss":0,"event_name":"Scrap Ooze","floor":4,"gold_loss":0},{"damage_healed":0,"gold_gain":0,"player_choice":"Ignored","damage_taken":0,"max_hp_gain":0,"max_hp_loss":0,"event_name":"Liars Game","floor":12,"gold_loss":0},{"damage_healed":0,"gold_gain":0,"player_choice":"Became a vampire","damage_taken":0,"max_hp_gain":0,"max_hp_loss":21,"event_name":"Vampires","floor":19,"gold_loss":0,"cards_obtained":["Bite","Bite","Bite","Bite","Bite"]},{"cards_removed":["Defend_P"],"damage_healed":0,"gold_gain":0,"player_choice":"Gave Gold","damage_taken":0,"max_hp_gain":0,"max_hp_loss":0,"event_name":"Beggar","floor":21,"gold_loss":75},{"damage_healed":0,"gold_gain":0,"player_choice":"Joined the Cult","damage_taken":6,"max_hp_gain":0,"max_hp_loss":0,"event_name":"Nest","floor":24,"gold_loss":0,"cards_obtained":["RitualDagger"]}],"is_beta":false,"boss_relics":[{"not_picked":["Busted Crown","Ectoplasm"],"picked":"SlaversCollar"}],"items_purged_floors":[2,22,28],"is_endless":false,"potions_floor_spawned":[1,8,13,14,18,23,30],"killed_by":"Collector","ascension_level":20}