{"gold_per_floor":[14,14,14,33,50,50,50,66,66,100,100,132,132,150,150,221,221,234,253,270,195,210,236,236,293,319,319,319,378,420,75,75,178,178,223,267,317,352,11,42,100,151,174,204,204,245,299,339,339,339,339,339,339,31,63,63],"floor_reached":57,"playtime":4483,"items_purged":["Strike_P","Strike_P","Strike_P","Strike_P"],"score":3385,"play_id":"42362b89-b051-44ac-a019-9744beeec923","local_time":"20220423161011","is_ascension_mode":true,"campfire_choices":[{"data":"Eruption","floor":6,"key":"SMITH"},{"data":"Tantrum","floor":11,"key":"SMITH"},{"data":"Vault","floor":15,"key":"SMITH"},{"floor":24,"key":"REST"},{"floor":32,"key":"RECALL"},{"floor":49,"key":"REST"},{"floor":53,"key":"REST"}],"neow_cost":"NO_GOLD","seed_source_timestamp":1566427415949900,"circlet_count":0,"master_deck":["AscendersBane","Defend_P","Defend_P","Eruption+1","Vigilance","Sanctity","Tantrum+1","EmptyMind","Vault+1","Consecrate","CutThroughFate","ClearTheMind","Ragnarok","Halt","Wish","Vault+1","WheelKick+1","JustLucky","TalkToTheHand+1","Adaptation","Scrawl","InnerPeace","Halt","MentalFortress","Apotheosis","Scrawl","EmptyBody+1","InnerPeace","TalkToTheHand+1","Ragnarok"],"relics":["PureWater","WingedGreaves","Gremlin Horn","Vajra","Tiny Chest","Lizard Tail","Fusion Hammer","Kunai","Prayer Wheel","Happy Flower","Blood Vial","HandDrill","SlaversCollar","Yang","Torii","Bag of Marbles","Smiling Mask","MealTicket","InkBottle","DollysMirror","HornCleat"],"potions_floor_usage":[7,20,23,35,56],"damage_taken":[{"damage":0,"enemies":"Cultist","floor":1,"turns":2},{"damage":0,"enemies":"Small Slimes","floor":4,"turns":2},{"damage":0,"enemies":"2 Louse","floor":5,"turns":2},{"damage":16,"enemies":"3 Sentries","floor":7,"turns":3},{"damage":0,"enemies":"Large Slime","floor":8,"turns":2},{"damage":16,"enemies":"Lagavulin","floor":10,"turns":7},{"damage":0,"enemies":"Gremlin Nob","floor":12,"turns":2},{"damage":0,"enemies":"Red Slaver","floor":14,"turns":2},{"damage":0,"enemies":"Slime Boss","floor":16,"turns":5},{"damage":0,"enemies":"Chosen","floor":18,"turns":3},{"damage":0,"enemies":"Spheric Guardian","floor":19,"turns":2},{"damage":19,"enemies":"Snake Plant","floor":20,"turns":4},{"damage":0,"enemies":"Cultist and Chosen","floor":22,"turns":3},{"damage":3,"enemies":"Book of Stabbing","floor":23,"turns":3},{"damage":15,"enemies":"Slavers","floor":25,"turns":5},{"damage":0,"enemies":"Gremlin Leader","floor":29,"turns":5},{"damage":3,"enemies":"Centurion and Healer","floor":30,"turns":4},{"damage":4,"enemies":"Champ","floor":33,"turns":7},{"damage":0,"enemies":"3 Shapes","floor":35,"turns":3},{"damage":0,"enemies":"3 Darklings","floor":36,"turns":3},{"damage":18,"enemies":"Writhing Mass","floor":38,"turns":8},{"damage":0,"enemies":"Nemesis","floor":40,"turns":4},{"damage":0,"enemies":"Giant Head","floor":41,"turns":5},{"damage":0,"enemies":"Reptomancer","floor":42,"turns":4},{"damage":0,"enemies":"Nemesis","floor":44,"turns":2},{"damage":1,"enemies":"Sphere and 2 Shapes","floor":46,"turns":4},{"damage":0,"enemies":"Giant Head","floor":47,"turns":4},{"damage":0,"enemies":"3 Darklings","floor":48,"turns":3},{"damage":17,"enemies":"Time Eater","floor":50,"turns":5},{"damage":14,"enemies":"Awakened One","floor":51,"turns":7},{"damage":0,"enemies":"Shield and Spear","floor":55,"turns":5},{"damage":10,"enemies":"The Heart","floor":56,"turns":9}],"seed_played":"-9148646238072206939","potions_obtained":[{"floor":1,"key":"SmokeBomb"},{"floor":10,"key":"Swift Potion"},{"floor":12,"key":"Energy Potion"},{"floor":14,"key":"FearPotion"},{"floor":23,"key":"Fire Potion"},{"floor":25,"key":"Fire Potion"},{"floor":33,"key":"DuplicationPotion"},{"floor":36,"key":"GamblersBrew"}],"is_trial":false,"path_per_floor":["M","T","$","M","M","R","E","M","T","E","R","E","?","M","R","B",null,"M","M","M","$","M","E","R","E","T","?","?","E","M","$","R","B",null,"M","M","T","M","$","E","E","E","T","E","?","M","E","M","R","B","B",null,"R","$","E","B",null],"character_chosen":"WATCHER","items_purchased":["Adaptation","HandDrill","Apotheosis","DollysMirror","Ragnarok"],"campfire_rested":3,"item_purchase_floors":[31,31,39,54,54],"current_hp_per_floor":[61,61,61,61,61,61,45,45,45,29,29,29,18,18,18,18,56,56,56,37,37,37,34,54,39,39,39,39,39,38,38,38,36,60,62,64,64,48,48,50,52,54,54,56,56,57,59,61,65,48,36,58,65,65,65,55],"gold":63,"neow_bonus":"REMOVE_TWO","is_prod":false,"is_daily":false,"chose_seed":false,"campfire_upgraded":3,"win_rate":0,"timestamp":1650744611,"path_taken":["M","?","$","M","M","R","E","M","T","E","R","E","?","M","R","BOSS","M","M","M","$","M","E","R","E","T","?","?","E","M","$","R","BOSS","M","M","?","M","$","E","E","E","T","E","?","M","E","M","R","BOSS","BOSS","R","$","E","BOSS"],"build_version":"2022-03-07","purchased_purges":4,"victory":true,"max_hp_per_floor":[68,68,68,68,68,68,68,68,68,68,68,68,68,68,68,68,68,68,68,68,68,68,68,68,68,68,68,68,68,68,68,68,68,68,68,68,68,68,68,68,68,68,68,68,65,65,65,65,65,65,65,65,65,65,65,65],"relic_stats":{"Gremlin Horn":[25,25],"Happy Flower":[27],"Torii":28,"counters":[32,129],"Yang":[145],"Smiling Mask":100,"Blood Vial":26,"Lizard Tail":0,"Tiny Chest":1,"Prayer Wheel":6,"MealTicket":0,"WingedGreaves":3,"HandDrill":[32],"Kunai":[54],"PureWater":[29],"obtain_stats":[{"Gremlin Horn":9,"Happy Flower":26,"Torii":41,"Vajra":10,"Yang":40,"Smiling Mask":43,"Blood Vial":29,"SlaversCollar":34,"Lizard Tail":13,"HornCleat":55,"DollysMirror":54,"Tiny Chest":12,"Prayer Wheel":25,"MealTicket":44,"WingedGreaves":2,"Fusion Hammer":17,"HandDrill":31,"Bag of Marbles":42,"Kunai":23,"PureWater":0,"InkBottle":47},{"Gremlin Horn":5,"Happy Flower":15,"Torii":23,"Vajra":6,"Yang":22,"Smiling Mask":24,"Blood Vial":16,"SlaversCollar":18,"Lizard Tail":7,"HornCleat":31,"DollysMirror":30,"Tiny Chest":7,"Prayer Wheel":15,"MealTicket":25,"WingedGreaves":1,"Fusion Hammer":9,"HandDrill":17,"Bag of Marbles":24,"Kunai":14,"PureWater":0,"InkBottle":27},{"Gremlin Horn":11,"Happy Flower":47,"Torii":86,"Vajra":18,"Yang":81,"Smiling Mask":90,"Blood Vial":52,"SlaversCollar":63,"Lizard Tail":20,"HornCleat":120,"DollysMirror":115,"Tiny Chest":20,"Prayer Wheel":47,"MealTicket":92,"WingedGreaves":2,"Fusion Hammer":27,"HandDrill":56,"Bag of Marbles":90,"Kunai":42,"PureWater":0,"InkBottle":100}],"InkBottle":[15]},"card_choices":[{"not_picked":["JustLucky","WaveOfTheHand"],"picked":"Sanctity","floor":1},{"not_picked":["SandsOfTime","CutThroughFate"],"picked":"Tantrum","floor":4},{"not_picked":["JustLucky","ThirdEye"],"picked":"EmptyMind","floor":5},{"not_picked":["BowlingBash","Sanctity"],"picked":"Vault","floor":8},{"not_picked":["Tantrum","Crescendo"],"picked":"Consecrate","floor":10},{"not_picked":["BowlingBash","JustLucky"],"picked":"CutThroughFate","floor":12},{"not_picked":["Judgement","FlyingSleeves"],"picked":"ClearTheMind","floor":14},{"not_picked":["DeusExMachina","Establishment"],"picked":"Ragnarok","floor":16},{"not_picked":["EmptyFist","WheelKick","CrushJoints"],"picked":"SKIP","floor":18},{"not_picked":["Collect","Halt","Wireheading"],"picked":"SKIP","floor":19},{"not_picked":["FlurryOfBlows","PathToVictory","Conclude"],"picked":"SKIP","floor":20},{"not_picked":["Weave","CarveReality"],"picked":"Halt","floor":22},{"not_picked":["LikeWater","BowlingBash"],"picked":"Wish","floor":23},{"not_picked":["Conclude","WheelKick","ReachHeaven"],"picked":"SKIP","floor":25},{"not_picked":["Consecrate","ForeignInfluence"],"picked":"WheelKick+1","floor":29},{"not_picked":["FollowUp","Prostrate+1"],"picked":"JustLucky","floor":30},{"not_picked":["CrushJoints","Sanctity+1"],"picked":"TalkToTheHand+1","floor":30},{"not_picked":["MasterReality","Judgement"],"picked":"Scrawl","floor":33},{"not_picked":["PathToVictory","BowlingBash+1"],"picked":"InnerPeace","floor":35},{"not_picked":["JustLucky","Prostrate","Crescendo"],"picked":"SKIP","floor":35},{"not_picked":["Crescendo","Consecrate"],"picked":"Halt","floor":36},{"not_picked":["BowlingBash","Perseverance","Nirvana+1"],"picked":"SKIP","floor":36},{"not_picked":["ClearTheMind","Crescendo+1"],"picked":"MentalFortress","floor":38},{"not_picked":["CarveReality","BowlingBash","PathToVictory"],"picked":"SKIP","floor":38},{"not_picked":["FlyingSleeves","PathToVictory","Pray"],"picked":"SKIP","floor":40},{"not_picked":["SignatureMove+1","Collect","Study"],"picked":"SKIP","floor":41},{"not_picked":["CarveReality","Alpha","Halt"],"picked":"SKIP","floor":42},{"not_picked":["ClearTheMind+1","SashWhip","BattleHymn"],"picked":"SKIP","floor":44},{"not_picked":["JustLucky","Wireheading+1"],"picked":"Scrawl","floor":46},{"not_picked":["SignatureMove","SandsOfTime+1"],"picked":"EmptyBody+1","floor":46},{"not_picked":["MasterReality","SandsOfTime","DeceiveReality+1"],"picked":"SKIP","floor":47},{"not_picked":["PathToVictory+1","ReachHeaven"],"picked":"InnerPeace","floor":48},{"not_picked":["PathToVictory","ClearTheMind","SashWhip"],"picked":"SKIP","floor":48},{"not_picked":["Conclude","Indignation","ReachHeaven"],"picked":"SKIP","floor":55}],"player_experience":6761982,"relics_obtained":[{"floor":2,"key":"WingedGreaves"},{"floor":9,"key":"Gremlin Horn"},{"floor":10,"key":"Vajra"},{"floor":12,"key":"Tiny Chest"},{"floor":23,"key":"Kunai"},{"floor":25,"key":"Prayer Wheel"},{"floor":26,"key":"Happy Flower"},{"floor":29,"key":"Blood Vial"},{"floor":40,"key":"Yang"},{"floor":41,"key":"Torii"},{"floor":42,"key":"Bag of Marbles"},{"floor":43,"key":"Smiling Mask"},{"floor":44,"key":"MealTicket"},{"floor":47,"key":"InkBottle"},{"floor":55,"key":"HornCleat"}],"event_choices":[{"damage_healed":0,"gold_gain":0,"player_choice":"Success","damage_taken":11,"relics_obtained":["Lizard Tail"],"max_hp_gain":0,"max_hp_loss":0,"event_name":"Scrap Ooze","floor":13,"gold_loss":0},{"damage_healed":0,"gold_gain":0,"player_choice":"Ignored","damage_taken":0,"max_hp_gain":0,"max_hp_loss":0,"event_name":"Vampires","floor":27,"gold_loss":0},{"damage_healed":0,"gold_gain":0,"player_choice":"Copied","damage_taken":0,"max_hp_gain":0,"max_hp_loss":0,"event_name":"Duplicator","floor":28,"gold_loss":0,"cards_obtained":["Vault"]},{"damage_healed":0,"gold_gain":0,"player_choice":"Max HP","damage_taken":0,"max_hp_gain":0,"max_hp_loss":3,"event_name":"Winding Halls","floor":45,"gold_loss":0}],"is_beta":false,"boss_relics":[{"not_picked":["Cursed Key","Astrolabe"],"picked":"Fusion Hammer"},{"not_picked":["Coffee Dripper","Pandora\u0027s Box"],"picked":"SlaversCollar"}],"items_purged_floors":[21,31,39,54],"is_endless":false,"potions_floor_spawned":[1,7,10,12,14,19,23,25,33,36,40,46,47],"ascension_level":20}