{"gold_per_floor":[119,139,139,158,83,118,118,138,138,153,185,200,200,230,230,305,305,324,23,39,39,39,64,64,89,89,115,130,165,180,202,202,290,290,303,203,218,93,115,146,146,172,172,184,184,203,53,71,71,71,71,71,71,14,41,41],"floor_reached":57,"playtime":5386,"items_purged":["Defend_P","SandsOfTime","Strike_P","Strike_P"],"score":3228,"play_id":"e93ef19d-db53-4a99-93c3-9d936cd5cb17","local_time":"20220428123517","is_ascension_mode":true,"campfire_choices":[{"data":"Eruption","floor":7,"key":"SMITH"},{"data":"BowlingBash","floor":13,"key":"SMITH"},{"data":"TalkToTheHand","floor":15,"key":"SMITH"},{"data":"Adaptation","floor":32,"key":"SMITH"},{"data":"MentalFortress","floor":45,"key":"SMITH"},{"floor":49,"key":"RECALL"},{"data":"Vault","floor":53,"key":"SMITH"}],"neow_cost":"NONE","seed_source_timestamp":552401640901100,"circlet_count":0,"master_deck":["AscendersBane","Strike_P+1","Strike_P+1","Eruption+1","Vigilance","Adaptation+1","Crescendo","BowlingBash+1","TalkToTheHand+1","Vault+1","BowlingBash+1","MentalFortress+1","Wallop","ClearTheMind","DeusExMachina","InnerPeace"],"relics":["SlaversCollar","HornCleat","Mummified Hand","Bottled Tornado","StrikeDummy","Empty Cage","Bag of Preparation","Strawberry","Whetstone","Bag of Marbles","CeramicFish","Juzu Bracelet","Runic Pyramid","Turnip","Anchor","Shuriken"],"potions_floor_usage":[10,11,25,28,29,29,48,56],"damage_taken":[{"damage":0,"enemies":"Small Slimes","floor":1,"turns":2},{"damage":3,"enemies":"2 Louse","floor":2,"turns":5},{"damage":0,"enemies":"Cultist","floor":4,"turns":3},{"damage":16,"enemies":"Gremlin Nob","floor":6,"turns":3},{"damage":9,"enemies":"Red Slaver","floor":8,"turns":3},{"damage":4,"enemies":"Exordium Wildlife","floor":10,"turns":3},{"damage":0,"enemies":"3 Sentries","floor":11,"turns":3},{"damage":9,"enemies":"2 Fungi Beasts","floor":12,"turns":2},{"damage":0,"enemies":"Gremlin Nob","floor":14,"turns":3},{"damage":0,"enemies":"Slime Boss","floor":16,"turns":4},{"damage":27,"enemies":"2 Thieves","floor":18,"turns":4},{"damage":0,"enemies":"Chosen","floor":20,"turns":3},{"damage":15,"enemies":"Gremlin Leader","floor":23,"turns":4},{"damage":3,"enemies":"Slavers","floor":25,"turns":4},{"damage":0,"enemies":"Gremlin Leader","floor":27,"turns":3},{"damage":0,"enemies":"Snake Plant","floor":28,"turns":1},{"damage":6,"enemies":"Slavers","floor":29,"turns":4},{"damage":0,"enemies":"3 Cultists","floor":30,"turns":2},{"damage":0,"enemies":"Centurion and Healer","floor":31,"turns":5},{"damage":19,"enemies":"Collector","floor":33,"turns":5},{"damage":0,"enemies":"3 Darklings","floor":35,"turns":3},{"damage":0,"enemies":"Orb Walker","floor":37,"turns":2},{"damage":0,"enemies":"Spire Growth","floor":39,"turns":3},{"damage":1,"enemies":"Nemesis","floor":40,"turns":4},{"damage":0,"enemies":"Giant Head","floor":42,"turns":3},{"damage":0,"enemies":"Transient","floor":44,"turns":5},{"damage":0,"enemies":"Sphere and 2 Shapes","floor":46,"turns":3},{"damage":0,"enemies":"Writhing Mass","floor":48,"turns":3},{"damage":3,"enemies":"Awakened One","floor":50,"turns":4},{"damage":0,"enemies":"Donu and Deca","floor":51,"turns":3},{"damage":0,"enemies":"Shield and Spear","floor":55,"turns":3},{"damage":33,"enemies":"The Heart","floor":56,"turns":7}],"seed_played":"3789456086599385596","potions_obtained":[{"floor":1,"key":"SteroidPotion"},{"floor":8,"key":"SteroidPotion"},{"floor":12,"key":"Ancient Potion"},{"floor":14,"key":"CultistPotion"},{"floor":25,"key":"Energy Potion"},{"floor":27,"key":"SteroidPotion"},{"floor":28,"key":"Regen Potion"},{"floor":29,"key":"Block Potion"},{"floor":31,"key":"Dexterity Potion"},{"floor":35,"key":"AttackPotion"},{"floor":37,"key":"StancePotion"},{"floor":40,"key":"DistilledChaos"},{"floor":48,"key":"Fire Potion"}],"is_trial":false,"path_per_floor":["M","M","?","M","$","E","R","M","T","M","E","M","R","E","R","B",null,"M","$","M","?","$","E","?","E","T","E","M","E","M","M","R","B",null,"M","$","M","$","M","E","?","E","T","M","R","M","$","M","R","B","B",null,"R","$","E","B",null],"character_chosen":"WATCHER","items_purchased":["Bag of Preparation","MentalFortress","Fire Potion","PowerPotion"],"campfire_rested":0,"item_purchase_floors":[19,19,19,54],"current_hp_per_floor":[61,58,58,58,58,42,42,33,33,29,29,20,20,20,20,20,56,29,29,29,29,29,21,21,18,18,18,18,24,24,24,24,5,58,58,58,58,58,58,57,57,57,57,57,57,57,57,57,57,54,54,67,67,67,67,34],"gold":41,"neow_bonus":"BOSS_RELIC","is_prod":false,"is_daily":false,"chose_seed":false,"campfire_upgraded":6,"win_rate":0,"timestamp":1651163717,"path_taken":["M","M","?","M","$","E","R","M","T","M","E","M","R","E","R","BOSS","M","$","M","?","$","E","?","E","T","E","?","E","M","M","R","BOSS","M","$","M","$","M","E","?","E","T","M","R","M","$","M","R","BOSS","BOSS","R","$","E","BOSS"],"build_version":"2022-03-07","purchased_purges":4,"victory":true,"max_hp_per_floor":[68,68,68,68,68,68,68,68,68,68,68,68,68,68,68,68,68,68,68,68,68,68,75,75,75,75,75,75,75,75,75,75,75,75,75,75,75,75,75,75,71,71,71,71,71,71,71,71,71,71,71,71,71,71,71,71],"relic_stats":{"counters":[32,109],"Mummified Hand":[66],"Shuriken":[4],"CeramicFish":36,"Turnip":[7],"Bag of Preparation":[43],"Juzu Bracelet":0,"Whetstone":["Strike_P","Strike_P"],"Bottled Tornado":"Adaptation","obtain_stats":[{"CeramicFish":27,"Bag of Preparation":19,"Juzu Bracelet":29,"Whetstone":25,"Bottled Tornado":11,"Empty Cage":17,"SlaversCollar":0,"Anchor":42,"HornCleat":6,"Mummified Hand":9,"Shuriken":55,"Strawberry":23,"Turnip":40,"Bag of Marbles":26,"PureWater":0,"StrikeDummy":14,"Runic Pyramid":34},{"CeramicFish":15,"Bag of Preparation":11,"Juzu Bracelet":17,"Whetstone":14,"Bottled Tornado":7,"Empty Cage":10,"SlaversCollar":0,"Anchor":25,"HornCleat":4,"Mummified Hand":5,"Shuriken":31,"Strawberry":13,"Turnip":24,"Bag of Marbles":14,"PureWater":0,"StrikeDummy":9,"Runic Pyramid":20},{"CeramicFish":49,"Bag of Preparation":35,"Juzu Bracelet":54,"Whetstone":46,"Bottled Tornado":22,"Empty Cage":31,"SlaversCollar":0,"Anchor":81,"HornCleat":13,"Mummified Hand":16,"Shuriken":102,"Strawberry":42,"Turnip":78,"Bag of Marbles":46,"PureWater":0,"StrikeDummy":27,"Runic Pyramid":66}]},"card_choices":[{"not_picked":["Weave","CrushJoints"],"picked":"Adaptation","floor":1},{"not_picked":["PathToVictory","WindmillStrike","Crescendo"],"picked":"SKIP","floor":2},{"not_picked":["PathToVictory","WindmillStrike"],"picked":"Crescendo","floor":2},{"not_picked":["ForeignInfluence","Evaluate"],"picked":"BowlingBash","floor":4},{"not_picked":["Wallop","BowlingBash","Vengeance"],"picked":"SKIP","floor":6},{"not_picked":["Swivel","Indignation","Study"],"picked":"SKIP","floor":8},{"not_picked":["Halt","FlyingSleeves","EmptyFist"],"picked":"SKIP","floor":10},{"not_picked":["Halt","Sanctity"],"picked":"TalkToTheHand","floor":11},{"not_picked":["Protect","BowlingBash","Fasting2"],"picked":"SKIP","floor":12},{"not_picked":["Crescendo","PathToVictory","LikeWater"],"picked":"SKIP","floor":14},{"not_picked":["DevaForm","LessonLearned"],"picked":"Vault","floor":16},{"not_picked":["Swivel","Fasting2"],"picked":"BowlingBash+1","floor":18},{"not_picked":["SignatureMove","FollowUp","MentalFortress"],"picked":"SKIP","floor":20},{"not_picked":["MentalFortress+1","Crescendo","CutThroughFate"],"picked":"SKIP","floor":23},{"not_picked":["Protect","JustLucky","Prostrate"],"picked":"SKIP","floor":25},{"not_picked":["Protect","JustLucky","Prostrate"],"picked":"SKIP","floor":25},{"not_picked":["Crescendo+1","Devotion","LikeWater"],"picked":"SKIP","floor":27},{"not_picked":["Crescendo+1","Devotion","LikeWater"],"picked":"SKIP","floor":27},{"not_picked":["WheelKick","Sanctity","ThirdEye"],"picked":"SKIP","floor":28},{"not_picked":["WheelKick","Sanctity","ThirdEye"],"picked":"SKIP","floor":28},{"not_picked":["Sanctity","SashWhip"],"picked":"Wallop","floor":29},{"not_picked":["Tantrum","CrushJoints","Crescendo"],"picked":"SKIP","floor":30},{"not_picked":["SandsOfTime+1","Wallop+1"],"picked":"ClearTheMind","floor":31},{"not_picked":["Devotion","MasterReality"],"picked":"DeusExMachina","floor":33},{"not_picked":["ThirdEye+1","CutThroughFate+1","WheelKick+1"],"picked":"SKIP","floor":35},{"not_picked":["ForeignInfluence","FollowUp","DeceiveReality+1"],"picked":"SKIP","floor":37},{"not_picked":["ReachHeaven","EmptyMind"],"picked":"InnerPeace","floor":39},{"not_picked":["CutThroughFate","WaveOfTheHand","FollowUp+1"],"picked":"SKIP","floor":40},{"not_picked":["Prostrate","CrushJoints","Judgement"],"picked":"SKIP","floor":42},{"not_picked":["Meditate+1","CutThroughFate","ClearTheMind+1"],"picked":"SKIP","floor":44},{"not_picked":["FearNoEvil+1","Collect","CrushJoints+1"],"picked":"SKIP","floor":48},{"not_picked":["PathToVictory","FlyingSleeves+1","CarveReality+1"],"picked":"SKIP","floor":55}],"player_experience":12704555,"relics_obtained":[{"floor":6,"key":"HornCleat"},{"floor":9,"key":"Mummified Hand"},{"floor":11,"key":"Bottled Tornado"},{"floor":14,"key":"StrikeDummy"},{"floor":23,"key":"Strawberry"},{"floor":25,"key":"Whetstone"},{"floor":26,"key":"Bag of Marbles"},{"floor":27,"key":"CeramicFish"},{"floor":29,"key":"Juzu Bracelet"},{"floor":40,"key":"Turnip"},{"floor":42,"key":"Anchor"},{"floor":55,"key":"Shuriken"}],"event_choices":[{"damage_healed":0,"gold_gain":0,"cards_transformed":["Defend_P"],"player_choice":"Transformed","damage_taken":0,"max_hp_gain":0,"max_hp_loss":0,"event_name":"Transmorgrifier","floor":3,"gold_loss":0,"cards_obtained":["SandsOfTime"]},{"damage_healed":0,"gold_gain":0,"player_choice":"Ignored","damage_taken":0,"max_hp_gain":0,"max_hp_loss":0,"event_name":"The Mausoleum","floor":21,"gold_loss":0},{"damage_healed":0,"gold_gain":0,"player_choice":"Ignored","damage_taken":0,"max_hp_gain":0,"max_hp_loss":0,"event_name":"Cursed Tome","floor":24,"gold_loss":0},{"damage_healed":0,"gold_gain":0,"player_choice":"Max HP","damage_taken":0,"max_hp_gain":0,"max_hp_loss":4,"event_name":"Winding Halls","floor":41,"gold_loss":0}],"is_beta":false,"boss_relics":[{"not_picked":["Philosopher\u0027s Stone","Busted Crown"],"picked":"Empty Cage"},{"not_picked":["Fusion Hammer","Tiny House"],"picked":"Runic Pyramid"}],"items_purged_floors":[5,36,38,47],"is_endless":false,"potions_floor_spawned":[1,8,12,14,25,27,28,29,31,35,37,40,46,48,55],"ascension_level":20}