{"gold_per_floor":[119,135,155,23,39,39,64,79,125,160,160,188,463,38,38,116,116,130,130,5,19,34,34,46,60,84,96,288,310,322,349,361,448,460,486,116,130,180,191,191,221,221,221,233,266,318,318,261,261,261,261,261,261,29,59,59],"floor_reached":57,"playtime":6256,"items_purged":["Defend_P","Regret","Strike_P","Strike_P+1","Strike_P+1"],"score":2789,"play_id":"fbcb5a62-6837-488d-87c8-9ef0c3eccbf1","local_time":"20220427180403","is_ascension_mode":true,"campfire_choices":[{"data":"Eruption","floor":6,"key":"SMITH"},{"data":"CrushJoints","floor":15,"key":"SMITH"},{"floor":23,"key":"REST"},{"floor":32,"key":"REST"},{"floor":40,"key":"REST"},{"floor":42,"key":"RECALL"},{"data":"TalkToTheHand","floor":47,"key":"SMITH"},{"floor":49,"key":"REST"},{"floor":53,"key":"REST"}],"neow_cost":"TEN_PERCENT_HP_LOSS","seed_source_timestamp":1917075280537100,"circlet_count":0,"master_deck":["AscendersBane","Strike_P+1","Defend_P+1","Eruption+1","Vigilance+1","Sanctity+1","FollowUp+1","TalkToTheHand+1","TalkToTheHand+1","CrushJoints+1","Adaptation+1","WaveOfTheHand+1","LessonLearned+1","Meditate+1","ConjureBlade+1","Tantrum+1","Collect+1","EmptyBody+1","JustLucky+1","PanicButton+1","WheelKick+1","CutThroughFate+1"],"relics":["PureWater","Turnip","War Paint","Ornamental Fan","Ancient Tea Set","TeardropLocket","Runic Pyramid","Mummified Hand","MawBank","Busted Crown","Meat on the Bone","Centennial Puzzle","StrikeDummy"],"potions_floor_usage":[8,16,22,29,35,35,41,41,46,50,55,56],"damage_taken":[{"damage":0,"enemies":"2 Louse","floor":1,"turns":2},{"damage":0,"enemies":"Small Slimes","floor":2,"turns":3},{"damage":0,"enemies":"Cultist","floor":3,"turns":3},{"damage":0,"enemies":"Large Slime","floor":5,"turns":2},{"damage":2,"enemies":"Lagavulin","floor":7,"turns":7},{"damage":0,"enemies":"Lots of Slimes","floor":8,"turns":2},{"damage":30,"enemies":"3 Sentries","floor":10,"turns":5},{"damage":3,"enemies":"Lagavulin","floor":12,"turns":8},{"damage":2,"enemies":"Hexaghost","floor":16,"turns":7},{"damage":9,"enemies":"Shell Parasite","floor":18,"turns":3},{"damage":0,"enemies":"Spheric Guardian","floor":21,"turns":3},{"damage":5,"enemies":"Snake Plant","floor":22,"turns":3},{"damage":10,"enemies":"Snecko","floor":24,"turns":4},{"damage":2,"enemies":"Centurion and Healer","floor":25,"turns":4},{"damage":12,"enemies":"Shelled Parasite and Fungi","floor":29,"turns":4},{"damage":0,"enemies":"Snecko","floor":31,"turns":3},{"damage":0,"enemies":"Collector","floor":33,"turns":5},{"damage":4,"enemies":"3 Shapes","floor":35,"turns":5},{"damage":6,"enemies":"3 Darklings","floor":37,"turns":4},{"damage":0,"enemies":"4 Shapes","floor":39,"turns":6},{"damage":38,"enemies":"Reptomancer","floor":41,"turns":6},{"damage":15,"enemies":"Writhing Mass","floor":44,"turns":6},{"damage":0,"enemies":"Nemesis","floor":45,"turns":5},{"damage":21,"enemies":"2 Orb Walkers","floor":46,"turns":4},{"damage":9,"enemies":"Awakened One","floor":50,"turns":10},{"damage":8,"enemies":"Donu and Deca","floor":51,"turns":8},{"damage":0,"enemies":"Shield and Spear","floor":55,"turns":6},{"damage":32,"enemies":"The Heart","floor":56,"turns":8}],"seed_played":"-2020235737923332839","potions_obtained":[{"floor":1,"key":"BottledMiracle"},{"floor":7,"key":"ColorlessPotion"},{"floor":12,"key":"DuplicationPotion"},{"floor":16,"key":"StancePotion"},{"floor":24,"key":"SpeedPotion"},{"floor":29,"key":"FearPotion"},{"floor":37,"key":"FearPotion"},{"floor":39,"key":"Explosive Potion"},{"floor":45,"key":"BlessingOfTheForge"},{"floor":46,"key":"ColorlessPotion"}],"is_trial":false,"path_per_floor":["M","M","M","$","M","R","E","M","T","E","?","E","?","$","R","B",null,"M","T","$","M","M","R","M","M","T","?","?","M","?","M","R","B",null,"M","$","M","?","M","R","E","R","T","M","E","?","R","$","R","B","B",null,"R","$","E","B",null],"character_chosen":"WATCHER","items_purchased":["FearPotion","Meditate","TeardropLocket","PanicButton","WheelKick","ColorlessPotion","Block Potion","FearPotion"],"campfire_rested":5,"item_purchase_floors":[4,14,14,36,36,36,48,54],"current_hp_per_floor":[61,61,61,61,61,61,59,59,59,29,29,26,26,26,26,24,53,44,44,44,44,39,57,47,45,45,45,26,14,14,14,32,32,55,51,51,45,45,45,62,24,24,24,21,33,24,24,24,42,33,37,56,62,62,62,42],"gold":59,"neow_bonus":"REMOVE_TWO","is_prod":false,"is_daily":false,"chose_seed":false,"campfire_upgraded":3,"win_rate":0,"timestamp":1651097043,"path_taken":["M","M","M","$","M","R","E","M","T","E","?","E","?","$","R","BOSS","M","?","$","M","M","R","M","M","T","?","?","?","?","M","R","BOSS","M","$","M","?","?","R","E","R","T","M","E","?","R","?","R","BOSS","BOSS","R","$","E","BOSS"],"build_version":"2022-03-07","purchased_purges":5,"victory":true,"max_hp_per_floor":[62,62,62,62,62,62,62,62,62,62,62,62,62,62,62,62,62,62,62,62,62,62,62,62,62,62,62,62,62,62,62,62,62,62,62,62,62,62,62,62,62,62,62,62,62,62,62,62,62,62,62,62,62,62,62,62],"relic_stats":{"Centennial Puzzle":[12],"Busted Crown":16,"counters":[28,136],"Ornamental Fan":[280],"Mummified Hand":[23],"Turnip":[18],"PureWater":[26],"War Paint":["Vigilance","Defend_P"],"Ancient Tea Set":[14],"MawBank":120,"obtain_stats":[{"TeardropLocket":14,"War Paint":9,"Ancient Tea Set":12,"MawBank":26,"Centennial Puzzle":45,"Busted Crown":34,"Ornamental Fan":10,"Mummified Hand":19,"Turnip":7,"PureWater":0,"StrikeDummy":55,"Runic Pyramid":17,"Meat on the Bone":41},{"TeardropLocket":8,"War Paint":6,"Ancient Tea Set":8,"MawBank":14,"Centennial Puzzle":23,"Busted Crown":17,"Ornamental Fan":7,"Mummified Hand":10,"Turnip":5,"PureWater":0,"StrikeDummy":27,"Runic Pyramid":9,"Meat on the Bone":21},{"TeardropLocket":32,"War Paint":19,"Ancient Tea Set":32,"MawBank":56,"Centennial Puzzle":100,"Busted Crown":68,"Ornamental Fan":24,"Mummified Hand":42,"Turnip":17,"PureWater":0,"StrikeDummy":128,"Runic Pyramid":39,"Meat on the Bone":89}],"Meat on the Bone":60},"card_choices":[{"not_picked":["FlyingSleeves","Perseverance"],"picked":"Sanctity","floor":1},{"not_picked":["Indignation","Prostrate"],"picked":"FollowUp","floor":2},{"not_picked":["Halt","SignatureMove"],"picked":"TalkToTheHand","floor":3},{"not_picked":["PathToVictory","Worship"],"picked":"TalkToTheHand","floor":5},{"not_picked":["SandsOfTime","Prostrate"],"picked":"CrushJoints","floor":7},{"not_picked":["CarveReality","EmptyBody"],"picked":"Adaptation","floor":8},{"not_picked":["Collect","LikeWater"],"picked":"WaveOfTheHand","floor":10},{"not_picked":["ThirdEye","DeceiveReality"],"picked":"LessonLearned","floor":12},{"not_picked":["Brilliance","LessonLearned"],"picked":"ConjureBlade","floor":16},{"not_picked":["Indignation","Crescendo"],"picked":"Tantrum","floor":18},{"not_picked":["SignatureMove+1","Crescendo"],"picked":"Collect+1","floor":21},{"not_picked":["Conclude","WreathOfFlame","ThirdEye"],"picked":"SKIP","floor":22},{"not_picked":["Conclude","WreathOfFlame","ThirdEye"],"picked":"SKIP","floor":22},{"not_picked":["Conclude","WreathOfFlame","ThirdEye"],"picked":"SKIP","floor":22},{"not_picked":["SashWhip","PathToVictory"],"picked":"EmptyBody+1","floor":24},{"not_picked":["BowlingBash","EmptyFist","SignatureMove"],"picked":"SKIP","floor":25},{"not_picked":["Halt","FlurryOfBlows","Swivel"],"picked":"SKIP","floor":29},{"not_picked":["Halt","Evaluate","Devotion"],"picked":"SKIP","floor":31},{"not_picked":["Consecrate"],"picked":"SKIP","floor":35},{"not_picked":["Conclude"],"picked":"SKIP","floor":37},{"not_picked":["Prostrate"],"picked":"SKIP","floor":39},{"not_picked":["Prostrate"],"picked":"SKIP","floor":39},{"not_picked":["ThirdEye"],"picked":"SKIP","floor":41},{"not_picked":[],"picked":"CutThroughFate","floor":44},{"not_picked":["BattleHymn"],"picked":"SKIP","floor":45},{"not_picked":["FlurryOfBlows"],"picked":"SKIP","floor":55}],"player_experience":6783195,"relics_obtained":[{"floor":7,"key":"Turnip"},{"floor":9,"key":"War Paint"},{"floor":10,"key":"Ornamental Fan"},{"floor":12,"key":"Ancient Tea Set"},{"floor":19,"key":"Mummified Hand"},{"floor":26,"key":"MawBank"},{"floor":41,"key":"Meat on the Bone"},{"floor":45,"key":"Centennial Puzzle"},{"floor":55,"key":"StrikeDummy"}],"event_choices":[{"damage_healed":0,"gold_gain":0,"player_choice":"Ignored","damage_taken":0,"max_hp_gain":0,"max_hp_loss":0,"event_name":"Shining Light","floor":11,"gold_loss":0},{"damage_healed":0,"gold_gain":275,"player_choice":"Desecrate","damage_taken":0,"max_hp_gain":0,"max_hp_loss":0,"event_name":"Golden Shrine","floor":13,"gold_loss":0,"cards_obtained":["Regret"]},{"damage_healed":0,"gold_gain":0,"player_choice":"Read","damage_taken":0,"max_hp_gain":0,"max_hp_loss":0,"event_name":"The Library","floor":27,"gold_loss":0,"cards_obtained":["JustLucky"]},{"damage_healed":0,"gold_gain":180,"player_choice":"GOLD GOLD ","damage_taken":19,"max_hp_gain":0,"max_hp_loss":0,"event_name":"Knowing Skull","floor":28,"potions_obtained":[],"gold_loss":0,"cards_obtained":[]},{"damage_healed":0,"gold_gain":0,"player_choice":"Ignored","damage_taken":0,"max_hp_gain":0,"max_hp_loss":0,"event_name":"Cursed Tome","floor":30,"gold_loss":0},{"damage_healed":0,"gold_gain":50,"player_choice":"Pray","damage_taken":0,"max_hp_gain":0,"max_hp_loss":0,"event_name":"Golden Shrine","floor":38,"gold_loss":0},{"damage_healed":0,"gold_gain":0,"player_choice":"Fight","damage_taken":0,"max_hp_gain":0,"max_hp_loss":0,"event_name":"Mysterious Sphere","floor":46,"gold_loss":0}],"is_beta":false,"boss_relics":[{"not_picked":["Coffee Dripper","Snecko Eye"],"picked":"Runic Pyramid"},{"not_picked":["Philosopher\u0027s Stone","Calling Bell"],"picked":"Busted Crown"}],"items_purged_floors":[4,14,20,36,54],"is_endless":false,"potions_floor_spawned":[1,7,12,16,18,21,24,29,37,39,45,46],"ascension_level":20}