{"gold_per_floor":[13,63,79,90,101,126,126,151,231,265,265,265,284,284,284,363,363,363,363,15,15,0,0,0,0,0,0,0,0,0,0,0,0,0,0,0,0,0,0,0,0,0,0,0,0,0,0,0,0,0,0,0,0,0,0,0],"floor_reached":57,"playtime":6289,"items_purged":["Defend_P"],"score":3244,"play_id":"c58f277d-bc87-4410-a3be-5a6ae9bfbe57","local_time":"20220430164944","is_ascension_mode":true,"campfire_choices":[{"data":"Eruption","floor":7,"key":"SMITH"},{"data":"DeusExMachina","floor":12,"key":"SMITH"},{"data":"ForeignInfluence","floor":15,"key":"SMITH"},{"data":"ClearTheMind","floor":24,"key":"SMITH"},{"data":"MentalFortress","floor":32,"key":"SMITH"},{"floor":47,"key":"RECALL"},{"data":"TalkToTheHand","floor":49,"key":"SMITH"},{"data":"ConjureBlade","floor":53,"key":"SMITH"}],"neow_cost":"NO_GOLD","seed_source_timestamp":2171775596117900,"shop_contents":[{"floor":20,"relics":["Gambling Chip","Tiny Chest"],"cards":["Tantrum","WheelKick","ForeignInfluence","Protect","Study","Magnetism"],"potions":["SpeedPotion","LiquidMemories","LiquidBronze"]},{"floor":54,"relics":["Mango","Pocketwatch","Melange"],"cards":["JustLucky","BowlingBash","ForeignInfluence","Omniscience","Wireheading","Forethought","Mayhem"],"potions":["DistilledChaos","Ambrosia","Explosive Potion"]}],"circlet_count":0,"master_deck":["AscendersBane","Strike_P","Strike_P","Strike_P","Strike_P+1","Defend_P","Eruption+1","Vigilance+1","CarveReality+1","DeusExMachina+1","EmptyMind+1","Wallop","ForeignInfluence+1","CutThroughFate+1","ClearTheMind+1","Collect+1","DevaForm+1","TalkToTheHand+1","Discovery+1","TalkToTheHand+1","MentalFortress+1","Crescendo+1","Collect","LessonLearned+1","Meditate+1","Pain","JustLucky+1","ConjureBlade+1","ClearTheMind+1","ThirdEye+1","CrushJoints+1"],"potion_use_per_floor":[[],[],[],[],[],[],[],["DistilledChaos"],[],[],[],[],[],[],[],[],[],[],[],[],["AttackPotion"],[],[],[],[],[],[],[],[],[],[],[],[],[],[],[],[],[],[],[],[],[],[],[],[],[],[],["StancePotion","StancePotion"],[],[],[],[],[],[],[],[],[]],"relics":["PureWater","Dream Catcher","Dead Branch","StrikeDummy","Boot","Ectoplasm","Chemical X","Red Mask","TungstenRod","Centennial Puzzle","Letter Opener","Bag of Preparation","Calipers","Sundial","VioletLotus","WarpedTongs","Meat on the Bone","Art of War","Damaru","Pear"],"potions_floor_usage":[8,21,48,48],"damage_taken":[{"damage":0,"enemies":"Small Slimes","floor":1,"turns":2},{"damage":0,"enemies":"Cultist","floor":3,"turns":2},{"damage":0,"enemies":"Jaw Worm","floor":4,"turns":2},{"damage":0,"enemies":"Large Slime","floor":5,"turns":3},{"damage":0,"enemies":"Lagavulin","floor":6,"turns":4},{"damage":0,"enemies":"Gremlin Nob","floor":8,"turns":2},{"damage":0,"enemies":"Lagavulin","floor":10,"turns":3},{"damage":0,"enemies":"3 Louse","floor":13,"turns":2},{"damage":24,"enemies":"Hexaghost","floor":16,"turns":7},{"damage":0,"enemies":"Chosen","floor":18,"turns":4},{"damage":0,"enemies":"Masked Bandits","floor":21,"turns":2},{"damage":0,"enemies":"2 Thieves","floor":22,"turns":2},{"damage":0,"enemies":"Slavers","floor":23,"turns":1},{"damage":0,"enemies":"Book of Stabbing","floor":25,"turns":4},{"damage":0,"enemies":"Gremlin Leader","floor":27,"turns":3},{"damage":0,"enemies":"3 Cultists","floor":28,"turns":2},{"damage":0,"enemies":"Shelled Parasite and Fungi","floor":29,"turns":2},{"damage":0,"enemies":"Centurion and Healer","floor":30,"turns":3},{"damage":0,"enemies":"Colosseum Slavers","floor":31,"turns":1},{"damage":0,"enemies":"Colosseum Nobs","floor":31,"turns":4},{"damage":5,"enemies":"Automaton","floor":33,"turns":4},{"damage":0,"enemies":"Orb Walker","floor":35,"turns":5},{"damage":0,"enemies":"3 Darklings","floor":36,"turns":4},{"damage":0,"enemies":"Maw","floor":39,"turns":5},{"damage":0,"enemies":"Reptomancer","floor":40,"turns":3},{"damage":0,"enemies":"4 Shapes","floor":41,"turns":6},{"damage":0,"enemies":"Giant Head","floor":42,"turns":4},{"damage":0,"enemies":"Transient","floor":45,"turns":6},{"damage":0,"enemies":"Jaw Worm Horde","floor":46,"turns":2},{"damage":3,"enemies":"Reptomancer","floor":48,"turns":4},{"damage":0,"enemies":"Awakened One","floor":50,"turns":7},{"damage":30,"enemies":"Time Eater","floor":51,"turns":4},{"damage":29,"enemies":"Shield and Spear","floor":55,"turns":9},{"damage":51,"enemies":"The Heart","floor":56,"turns":9}],"seed_played":"-3803933268090691667","neow_bonus_log":{"cardsObtained":["CarveReality","DeusExMachina"],"cardsUpgraded":[],"cardsRemoved":[],"cardsTransformed":["Defend_P","Defend_P"],"relicsObtained":[],"maxHpGained":0,"goldGained":0,"damageTaken":0,"goldLost":99,"maxHpLost":0},"potions_obtained":[{"floor":1,"key":"BottledMiracle"},{"floor":3,"key":"DistilledChaos"},{"floor":6,"key":"StancePotion"},{"floor":18,"key":"AttackPotion"},{"floor":21,"key":"PowerPotion"},{"floor":29,"key":"StancePotion"}],"is_trial":false,"path_per_floor":["M","?","M","M","M","E","R","E","T","E","?","R","M","?","R","B",null,"M","?","$","?","M","E","R","E","T","E","M","M","M","?","R","B",null,"M","M","?","?","M","E","M","E","T","?","M","M","R","E","R","B","B",null,"R","$","E","B",null],"character_chosen":"WATCHER","items_purchased":["Chemical X","Discovery"],"campfire_rested":0,"item_purchase_floors":[20,20],"current_hp_per_floor":[61,61,61,61,61,61,61,61,61,61,66,66,66,44,44,20,60,60,60,60,60,60,60,60,60,60,60,60,60,60,60,60,55,69,69,69,69,69,69,69,69,69,69,69,69,69,69,66,66,66,36,61,61,61,54,15],"gold":0,"neow_bonus":"TRANSFORM_TWO_CARDS","is_prod":false,"is_daily":false,"rewards_skipped":[{"floor":31,"relics":[],"potions":["Fire Potion"]},{"floor":33,"relics":[],"potions":["BlessingOfTheForge"]},{"floor":36,"relics":[],"potions":["DistilledChaos"]},{"floor":40,"relics":[],"potions":["SkillPotion"]},{"floor":41,"relics":[],"potions":["Dexterity Potion"]},{"floor":42,"relics":[],"potions":["LiquidBronze"]}],"chose_seed":false,"campfire_upgraded":7,"win_rate":0,"floor_exit_playtime":[188,243,297,392,507,625,644,881,899,1000,1018,1027,1283,1292,1329,1507,1693,1796,1851,1934,2141,2218,2308,2327,2502,2510,2618,2671,2749,2846,3017,3026,3246,3296,3445,3558,3566,3610,3756,3865,4044,4193,4204,4217,4467,4547,4551,4728,4737,5045,5189,5233,5245,5253,5624,6289],"timestamp":1651351784,"blue_key_relic_skipped_log":{"floor":43,"relicID":"Frozen Egg 2"},"path_taken":["M","?","M","?","M","E","R","E","T","E","?","R","M","?","R","BOSS","M","?","$","?","M","E","R","E","T","E","M","M","M","?","R","BOSS","M","M","?","?","?","E","M","E","T","?","M","M","R","E","R","BOSS","BOSS","R","$","E","BOSS"],"build_version":"2022-03-07","purchased_purges":1,"victory":true,"max_hp_per_floor":[68,68,68,68,68,68,68,68,68,68,73,73,73,73,73,73,73,73,73,73,73,73,73,73,73,73,73,73,73,73,73,73,73,73,73,73,73,73,73,73,73,73,73,69,69,69,69,69,69,69,69,69,69,69,79,79],"relic_stats":{"Calipers":[889],"counters":[34,127],"Dead Branch":[398],"Bag of Preparation":[38],"Letter Opener":[699],"Boot":[73],"WarpedTongs":[58],"Dream Catcher":0,"Centennial Puzzle":[17],"Sundial":[4],"Ectoplasm":834,"VioletLotus":[34],"Art of War":[0],"Chemical X":[43],"PureWater":[35],"obtain_stats":[{"Calipers":31,"Pear":55,"Dead Branch":8,"Damaru":48,"Bag of Preparation":27,"Letter Opener":26,"Boot":10,"WarpedTongs":38,"Dream Catcher":6,"Centennial Puzzle":25,"Sundial":31,"Ectoplasm":17,"VioletLotus":34,"Red Mask":21,"Art of War":42,"Chemical X":20,"PureWater":0,"StrikeDummy":9,"TungstenRod":23,"Meat on the Bone":40},{"Calipers":20,"Pear":33,"Dead Branch":6,"Damaru":30,"Bag of Preparation":15,"Letter Opener":14,"Boot":7,"WarpedTongs":23,"Dream Catcher":5,"Centennial Puzzle":14,"Sundial":20,"Ectoplasm":9,"VioletLotus":21,"Red Mask":11,"Art of War":27,"Chemical X":10,"PureWater":0,"StrikeDummy":6,"TungstenRod":13,"Meat on the Bone":25},{"Calipers":55,"Pear":118,"Dead Branch":15,"Damaru":98,"Bag of Preparation":43,"Letter Opener":40,"Boot":18,"WarpedTongs":68,"Dream Catcher":13,"Centennial Puzzle":40,"Sundial":55,"Ectoplasm":27,"VioletLotus":59,"Red Mask":33,"Art of War":86,"Chemical X":31,"PureWater":0,"StrikeDummy":15,"TungstenRod":36,"Meat on the Bone":76}],"TungstenRod":126,"Meat on the Bone":24},"card_choices":[{"not_picked":["Weave","EmptyBody"],"picked":"EmptyMind","floor":1},{"not_picked":["Pray","SashWhip"],"picked":"Wallop","floor":3},{"not_picked":["ReachHeaven","LikeWater"],"picked":"ForeignInfluence","floor":4},{"not_picked":["Wireheading","WreathOfFlame","PathToVictory"],"picked":"SKIP","floor":5},{"not_picked":["Halt","Consecrate"],"picked":"CutThroughFate","floor":6},{"not_picked":["Evaluate","Protect"],"picked":"ClearTheMind","floor":8},{"not_picked":["Conclude","WreathOfFlame","FlyingSleeves"],"picked":"SKIP","floor":10},{"not_picked":["FlyingSleeves","Swivel"],"picked":"Collect","floor":13},{"not_picked":["Establishment","Devotion"],"picked":"DevaForm","floor":16},{"not_picked":["Protect","WaveOfTheHand","ForeignInfluence"],"picked":"SKIP","floor":18},{"not_picked":["Halt","CutThroughFate","BattleHymn","EmptyFist","BowlingBash","Protect","ThirdEye","Indignation","Weave","Consecrate","WindmillStrike","SashWhip","Prostrate","FollowUp","JustLucky","LikeWater","WreathOfFlame","EmptyBody","Evaluate"],"picked":"TalkToTheHand","floor":19},{"not_picked":["DeceiveReality","ClearTheMind"],"picked":"TalkToTheHand","floor":21},{"not_picked":["Protect","Evaluate"],"picked":"MentalFortress","floor":22},{"not_picked":["Vengeance","FlyingSleeves"],"picked":"Crescendo","floor":25},{"not_picked":["Fasting2","Halt+1","EmptyBody"],"picked":"SKIP","floor":27},{"not_picked":["TalkToTheHand","FlurryOfBlows+1"],"picked":"Collect","floor":29},{"not_picked":["Meditate","Vengeance"],"picked":"LessonLearned","floor":30},{"not_picked":["Protect","Halt"],"picked":"Meditate","floor":35},{"not_picked":["Consecrate","Pray"],"picked":"JustLucky+1","floor":39},{"not_picked":["Indignation","Evaluate"],"picked":"ConjureBlade","floor":40},{"not_picked":["JustLucky","Consecrate"],"picked":"ClearTheMind","floor":41},{"not_picked":["WreathOfFlame","FlyingSleeves","SignatureMove"],"picked":"SKIP","floor":42},{"not_picked":["Nirvana+1","WindmillStrike","FollowUp"],"picked":"SKIP","floor":45},{"not_picked":["ClearTheMind+1","EmptyBody"],"picked":"ThirdEye+1","floor":46},{"not_picked":["BattleHymn","Prostrate"],"picked":"CrushJoints+1","floor":48},{"not_picked":["Perseverance","JustLucky","CutThroughFate"],"picked":"SKIP","floor":55}],"player_experience":6824523,"relics_obtained":[{"floor":6,"key":"Dream Catcher"},{"floor":8,"key":"Dead Branch"},{"floor":9,"key":"StrikeDummy"},{"floor":10,"key":"Boot"},{"floor":21,"key":"Red Mask"},{"floor":23,"key":"TungstenRod"},{"floor":25,"key":"Centennial Puzzle"},{"floor":26,"key":"Letter Opener"},{"floor":27,"key":"Bag of Preparation"},{"floor":31,"key":"Calipers"},{"floor":31,"key":"Sundial"},{"floor":40,"key":"Meat on the Bone"},{"floor":42,"key":"Art of War"},{"floor":48,"key":"Damaru"},{"floor":55,"key":"Pear"}],"event_choices":[{"damage_healed":0,"gold_gain":50,"player_choice":"Pray","damage_taken":0,"max_hp_gain":0,"max_hp_loss":0,"event_name":"Golden Shrine","floor":2,"gold_loss":0},{"damage_healed":0,"gold_gain":0,"player_choice":"Donut","damage_taken":0,"max_hp_gain":5,"max_hp_loss":0,"event_name":"Big Fish","floor":11,"gold_loss":0},{"damage_healed":0,"gold_gain":0,"player_choice":"Entered Light","damage_taken":22,"max_hp_gain":0,"max_hp_loss":0,"event_name":"Shining Light","floor":14,"gold_loss":0,"cards_upgraded":["CutThroughFate","Strike_P"]},{"damage_healed":0,"gold_gain":0,"player_choice":"Read","damage_taken":0,"max_hp_gain":0,"max_hp_loss":0,"event_name":"The Library","floor":19,"gold_loss":0,"cards_obtained":["TalkToTheHand"]},{"damage_healed":0,"gold_gain":0,"player_choice":"Fought Bandits","damage_taken":0,"max_hp_gain":0,"max_hp_loss":0,"event_name":"Masked Bandits","floor":21,"gold_loss":0},{"damage_healed":0,"gold_gain":0,"player_choice":"Fight","damage_taken":0,"max_hp_gain":0,"max_hp_loss":0,"event_name":"Colosseum","floor":31,"gold_loss":0},{"damage_healed":0,"gold_gain":0,"player_choice":"Fought Nobs","damage_taken":0,"max_hp_gain":0,"max_hp_loss":0,"event_name":"Colosseum","floor":31,"gold_loss":0},{"damage_healed":0,"gold_gain":222,"player_choice":"Wore Mask","damage_taken":0,"max_hp_gain":0,"max_hp_loss":0,"event_name":"Tomb of Lord Red Mask","floor":37,"gold_loss":0},{"damage_healed":0,"gold_gain":0,"player_choice":"Rummage","damage_taken":0,"relics_obtained":["WarpedTongs"],"max_hp_gain":0,"max_hp_loss":0,"event_name":"Accursed Blacksmith","floor":38,"gold_loss":0,"cards_obtained":["Pain"]},{"damage_healed":0,"gold_gain":0,"player_choice":"Max HP","damage_taken":0,"max_hp_gain":0,"max_hp_loss":4,"event_name":"Winding Halls","floor":44,"gold_loss":0}],"is_beta":false,"boss_relics":[{"not_picked":["Runic Pyramid","SacredBark"],"picked":"Ectoplasm"},{"not_picked":["Busted Crown","Pandora\u0027s Box"],"picked":"VioletLotus"}],"items_purged_floors":[20],"is_endless":false,"potions_floor_spawned":[1,3,6,18,21,29,31,31,33,36,40,41,42],"ascension_level":20}