{"gold_per_floor":[118,118,193,211,226,226,254,254,278,603,603,632,63,75,75,152,152,166,246,258,275,275,275,54,81,106,119,154,180,180,209,209,286,286,297,297,322,337,337,337,371,382,430,430,457,36,258,290,290,290,290,290,290,30,57,57],"floor_reached":57,"playtime":5179,"items_purged":["Defend_P","Defend_P","Strike_P","Strike_P"],"score":3503,"play_id":"44fca193-182f-421b-9b54-b4c9e63be6c9","local_time":"20220504191256","falling_options_log":["Ragnarok","Meditate"],"is_ascension_mode":true,"campfire_choices":[{"data":"Eruption","floor":6,"key":"SMITH"},{"data":"Ragnarok","floor":8,"key":"SMITH"},{"floor":11,"key":"REST"},{"data":"Meditate","floor":15,"key":"SMITH"},{"data":"Scrawl","floor":23,"key":"SMITH"},{"data":"Meditate","floor":30,"key":"SMITH"},{"data":"Strike_P","floor":32,"key":"PURGE"},{"data":"Strike_P","floor":40,"key":"PURGE"},{"floor":44,"key":"RECALL"},{"data":"MentalFortress","floor":49,"key":"SMITH"},{"data":"Defend_P","floor":53,"key":"PURGE"}],"neow_cost":"NONE","seed_source_timestamp":2518433541749700,"shop_contents":[{"floor":13,"relics":["Mango"],"cards":["FollowUp","Conclude","ForeignInfluence","Prostrate","Devotion","Forethought","Mayhem"],"potions":["Fire Potion","Regen Potion","Explosive Potion"]},{"floor":24,"relics":["Bag of Marbles","Ancient Tea Set","Medical Kit"],"cards":["FlurryOfBlows","JustLucky","Prostrate","PanicButton","Metamorphosis"],"potions":["Explosive Potion","DuplicationPotion","BottledMiracle"]},{"floor":46,"relics":["Unceasing Top"],"cards":["ReachHeaven","LessonLearned","DeceiveReality","WreathOfFlame","Jack Of All Trades","Sadistic Nature"],"potions":["Regen Potion","BottledMiracle","DistilledChaos"]},{"floor":54,"relics":["GoldenEye"],"cards":["WindmillStrike","Wallop","PathToVictory","Perseverance","BattleHymn","Secret Weapon"],"potions":["Dexterity Potion","FearPotion","Weak Potion"]}],"circlet_count":0,"master_deck":["AscendersBane","Defend_P","Eruption+1","Vigilance","Ragnarok+1","DeceiveReality","CutThroughFate","Meditate+1","EmptyBody","Tantrum","Scrawl+1","ClearTheMind","LikeWater","Meditate+1","Indignation","Vengeance+1","Establishment","Wallop+1","Adaptation","Fasting2+1","MentalFortress+1","Adaptation","CutThroughFate+1","PanicButton","Vault"],"potion_use_per_floor":[[],[],[],[],[],[],["PowerPotion","ColorlessPotion"],[],[],[],[],["CultistPotion"],[],[],[],[],[],[],[],["Weak Potion"],[],[],[],[],[],[],[],[],[],[],[],[],["SteroidPotion"],[],["BottledMiracle"],[],[],[],[],[],["FearPotion"],[],[],[],[],[],[],[],[],[],[],[],[],[],[],["GamblersBrew","EntropicBrew","BlessingOfTheForge"],[]],"relics":["PureWater","Orichalcum","Toy Ornithopter","Old Coin","Letter Opener","Toolbox","Thread and Needle","VioletLotus","CloakClasp","Red Mask","Happy Flower","Peace Pipe","Runic Pyramid","Ginger","TeardropLocket","Smiling Mask","Damaru","Membership Card","CaptainsWheel","StrikeDummy","Lee\u0027s Waffle","Oddly Smooth Stone","InkBottle"],"potions_floor_usage":[7,7,12,20,33,35,41,56,56,56],"damage_taken":[{"damage":11,"enemies":"Jaw Worm","floor":1,"turns":5},{"damage":3,"enemies":"Cultist","floor":4,"turns":4},{"damage":0,"enemies":"Small Slimes","floor":5,"turns":2},{"damage":25,"enemies":"3 Sentries","floor":7,"turns":13},{"damage":0,"enemies":"Gremlin Nob","floor":10,"turns":2},{"damage":16,"enemies":"3 Sentries","floor":12,"turns":7},{"damage":0,"enemies":"Blue Slaver","floor":14,"turns":3},{"damage":2,"enemies":"Hexaghost","floor":16,"turns":6},{"damage":0,"enemies":"Shell Parasite","floor":18,"turns":1},{"damage":0,"enemies":"3 Byrds","floor":19,"turns":4},{"damage":7,"enemies":"Centurion and Healer","floor":20,"turns":3},{"damage":0,"enemies":"Snake Plant","floor":21,"turns":3},{"damage":0,"enemies":"Gremlin Leader","floor":25,"turns":3},{"damage":0,"enemies":"Chosen and Byrds","floor":27,"turns":3},{"damage":0,"enemies":"Masked Bandits","floor":28,"turns":3},{"damage":0,"enemies":"Book of Stabbing","floor":29,"turns":4},{"damage":7,"enemies":"Gremlin Leader","floor":31,"turns":4},{"damage":0,"enemies":"Champ","floor":33,"turns":8},{"damage":18,"enemies":"3 Darklings","floor":35,"turns":4},{"damage":0,"enemies":"Mind Bloom Boss Battle","floor":37,"turns":4},{"damage":0,"enemies":"3 Shapes","floor":38,"turns":4},{"damage":0,"enemies":"Giant Head","floor":41,"turns":4},{"damage":0,"enemies":"Maw","floor":42,"turns":2},{"damage":0,"enemies":"Reptomancer","floor":45,"turns":4},{"damage":0,"enemies":"Giant Head","floor":48,"turns":3},{"damage":0,"enemies":"Time Eater","floor":50,"turns":5},{"damage":0,"enemies":"Awakened One","floor":51,"turns":5},{"damage":0,"enemies":"Shield and Spear","floor":55,"turns":6},{"damage":5,"enemies":"The Heart","floor":56,"turns":7}],"seed_played":"54075860946109","neow_bonus_log":{"cardsObtained":["Ragnarok"],"cardsUpgraded":[],"cardsRemoved":[],"cardsTransformed":[],"relicsObtained":[],"maxHpGained":0,"goldGained":0,"damageTaken":0,"goldLost":0,"maxHpLost":0},"potions_obtained":[{"floor":1,"key":"PowerPotion"},{"floor":4,"key":"ColorlessPotion"},{"floor":10,"key":"CultistPotion"},{"floor":12,"key":"Strength Potion"},{"floor":18,"key":"Weak Potion"},{"floor":21,"key":"SteroidPotion"},{"floor":29,"key":"EntropicBrew"},{"floor":33,"key":"BottledMiracle"},{"floor":35,"key":"FearPotion"},{"floor":42,"key":"SteroidPotion"},{"floor":48,"key":"GamblersBrew"}],"is_trial":false,"path_per_floor":["M","?","?","M","M","R","E","R","T","E","R","E","$","M","R","B",null,"M","M","M","M","?","R","$","E","T","M","?","E","R","E","R","B",null,"M","?","?","M","?","R","E","M","T","R","E","$","?","E","R","B","B",null,"R","$","E","B",null],"character_chosen":"WATCHER","items_purchased":["Toolbox","Thread and Needle","Meditate","MentalFortress","Membership Card","CaptainsWheel","Adaptation","Lee\u0027s Waffle","Oddly Smooth Stone","PanicButton"],"campfire_rested":1,"item_purchase_floors":[13,13,24,24,46,46,46,54,54,54],"current_hp_per_floor":[50,55,44,41,41,41,16,16,16,16,37,26,26,26,26,24,61,61,61,59,59,59,59,59,59,59,59,59,59,59,52,52,57,69,55,55,55,55,55,55,60,60,60,60,60,60,60,60,60,60,60,67,67,76,76,76],"gold":57,"neow_bonus":"ONE_RANDOM_RARE_CARD","is_prod":false,"is_daily":false,"rewards_skipped":[{"floor":19,"relics":[],"potions":["LiquidBronze"]},{"floor":45,"relics":[],"potions":["EssenceOfSteel"]}],"chose_seed":true,"campfire_upgraded":6,"win_rate":0,"floor_exit_playtime":[173,189,196,255,314,326,678,686,692,753,760,904,991,1061,1068,1236,1492,1565,1745,1879,1943,2001,2011,2057,2216,2270,2392,2500,2656,2672,2780,2792,3036,3180,3334,3366,3476,3530,3543,3550,3661,3745,3765,3770,3922,4003,4012,4102,4114,4264,4408,4429,4488,4589,4836,5179],"timestamp":1651705976,"blue_key_relic_skipped_log":{"floor":26,"relicID":"Regal Pillow"},"path_taken":["M","?","?","M","M","R","E","R","T","E","R","E","$","M","R","BOSS","M","M","M","M","?","R","$","E","T","?","?","E","R","E","R","BOSS","M","?","?","M","?","R","E","M","T","R","E","$","?","E","R","BOSS","BOSS","R","$","E","BOSS"],"build_version":"2022-03-07","purchased_purges":4,"victory":true,"max_hp_per_floor":[68,73,73,73,73,73,73,73,73,73,73,73,73,73,73,73,73,73,73,73,73,73,73,73,73,73,73,73,73,73,73,73,73,73,73,73,73,73,69,69,69,69,69,69,69,69,69,69,69,69,69,69,69,76,76,76],"relic_stats":{"Lee\u0027s Waffle":9,"Happy Flower":[20],"counters":[29,126],"CloakClasp":[363],"Letter Opener":[338],"Ginger":[10],"Orichalcum":[150],"Smiling Mask":38,"Peace Pipe":4,"VioletLotus":[76],"Membership Card":551,"PureWater":[27],"obtain_stats":[{"Lee\u0027s Waffle":54,"Happy Flower":29,"Damaru":45,"Oddly Smooth Stone":54,"Thread and Needle":13,"CloakClasp":25,"Letter Opener":12,"Ginger":37,"TeardropLocket":41,"Orichalcum":7,"Smiling Mask":43,"Old Coin":10,"Peace Pipe":31,"CaptainsWheel":46,"Toolbox":13,"VioletLotus":17,"Red Mask":28,"Membership Card":46,"PureWater":0,"StrikeDummy":48,"Toy Ornithopter":9,"InkBottle":55,"Runic Pyramid":34},{"Lee\u0027s Waffle":27,"Happy Flower":16,"Damaru":24,"Oddly Smooth Stone":27,"Thread and Needle":6,"CloakClasp":13,"Letter Opener":6,"Ginger":20,"TeardropLocket":22,"Orichalcum":4,"Smiling Mask":23,"Old Coin":5,"Peace Pipe":17,"CaptainsWheel":24,"Toolbox":6,"VioletLotus":8,"Red Mask":15,"Membership Card":24,"PureWater":0,"StrikeDummy":25,"Toy Ornithopter":4,"InkBottle":28,"Runic Pyramid":18},{"Lee\u0027s Waffle":113,"Happy Flower":66,"Damaru":100,"Oddly Smooth Stone":113,"Thread and Needle":33,"CloakClasp":56,"Letter Opener":33,"Ginger":86,"TeardropLocket":94,"Orichalcum":24,"Smiling Mask":96,"Old Coin":26,"Peace Pipe":70,"CaptainsWheel":100,"Toolbox":33,"VioletLotus":42,"Red Mask":62,"Membership Card":100,"PureWater":0,"StrikeDummy":103,"Toy Ornithopter":24,"InkBottle":119,"Runic Pyramid":78}],"Toy Ornithopter":29,"InkBottle":[4]},"card_choices":[{"not_picked":["Weave","MentalFortress"],"picked":"DeceiveReality","floor":1},{"not_picked":["PathToVictory","FlyingSleeves"],"picked":"CutThroughFate","floor":4},{"not_picked":["Prostrate","WreathOfFlame"],"picked":"Meditate","floor":5},{"not_picked":["Fasting2","Worship","SignatureMove"],"picked":"SKIP","floor":7},{"not_picked":["FlyingSleeves","ConjureBlade"],"picked":"EmptyBody","floor":10},{"not_picked":["DeusExMachina","SashWhip"],"picked":"Tantrum","floor":12},{"not_picked":["Crescendo","FollowUp","Tantrum"],"picked":"SKIP","floor":14},{"not_picked":["ConjureBlade","Ragnarok"],"picked":"Scrawl","floor":16},{"not_picked":["BowlingBash","Fasting2"],"picked":"ClearTheMind","floor":18},{"not_picked":["EmptyFist","EmptyBody"],"picked":"LikeWater","floor":19},{"not_picked":["Swivel","JustLucky","Sanctity"],"picked":"SKIP","floor":20},{"not_picked":["ForeignInfluence","DeceiveReality","SashWhip"],"picked":"SKIP","floor":21},{"not_picked":["FlurryOfBlows","CarveReality","DevaForm"],"picked":"SKIP","floor":25},{"not_picked":["LikeWater","Protect+1"],"picked":"Indignation","floor":27},{"not_picked":["Pray+1","BowlingBash"],"picked":"Vengeance+1","floor":29},{"not_picked":["ClearTheMind","FollowUp","CutThroughFate"],"picked":"SKIP","floor":31},{"not_picked":["DeusExMachina","Scrawl"],"picked":"Establishment","floor":33},{"not_picked":["CarveReality","Meditate","JustLucky"],"picked":"SKIP","floor":35},{"not_picked":["FlyingSleeves","Wireheading"],"picked":"Wallop+1","floor":38},{"not_picked":["FollowUp","EmptyFist"],"picked":"Adaptation","floor":41},{"not_picked":["BowlingBash+1","ReachHeaven+1"],"picked":"Fasting2+1","floor":42},{"not_picked":["FearNoEvil+1","Collect+1"],"picked":"MentalFortress","floor":45},{"not_picked":["FollowUp","EmptyFist"],"picked":"CutThroughFate+1","floor":48},{"not_picked":["ThirdEye","Wallop+1"],"picked":"Vault","floor":55}],"player_experience":6859850,"relics_obtained":[{"floor":7,"key":"Orichalcum"},{"floor":9,"key":"Toy Ornithopter"},{"floor":10,"key":"Old Coin"},{"floor":12,"key":"Letter Opener"},{"floor":25,"key":"CloakClasp"},{"floor":28,"key":"Red Mask"},{"floor":29,"key":"Happy Flower"},{"floor":31,"key":"Peace Pipe"},{"floor":37,"key":"Ginger"},{"floor":41,"key":"TeardropLocket"},{"floor":43,"key":"Smiling Mask"},{"floor":45,"key":"Damaru"},{"floor":48,"key":"StrikeDummy"},{"floor":55,"key":"InkBottle"}],"event_choices":[{"damage_healed":0,"gold_gain":0,"player_choice":"Donut","damage_taken":0,"max_hp_gain":5,"max_hp_loss":0,"event_name":"Big Fish","floor":2,"gold_loss":0},{"damage_healed":0,"gold_gain":75,"player_choice":"Gather Gold","damage_taken":11,"max_hp_gain":0,"max_hp_loss":0,"event_name":"World of Goop","floor":3,"gold_loss":0},{"damage_healed":0,"gold_gain":0,"player_choice":"0 cards matched","damage_taken":0,"max_hp_gain":0,"max_hp_loss":0,"event_name":"Match and Keep!","floor":22,"gold_loss":0,"cards_obtained":[]},{"damage_healed":0,"gold_gain":0,"player_choice":"Fought Bandits","damage_taken":0,"max_hp_gain":0,"max_hp_loss":0,"event_name":"Masked Bandits","floor":28,"gold_loss":0},{"cards_removed":["MentalFortress"],"damage_healed":0,"gold_gain":0,"player_choice":"Removed Power","damage_taken":0,"max_hp_gain":0,"max_hp_loss":0,"event_name":"Falling","floor":36,"gold_loss":0},{"damage_healed":0,"gold_gain":0,"player_choice":"Fight","damage_taken":0,"max_hp_gain":0,"max_hp_loss":0,"event_name":"MindBloom","floor":37,"gold_loss":0},{"damage_healed":0,"gold_gain":0,"player_choice":"Max HP","damage_taken":0,"max_hp_gain":0,"max_hp_loss":4,"event_name":"Winding Halls","floor":39,"gold_loss":0},{"damage_healed":0,"gold_gain":222,"player_choice":"Wore Mask","damage_taken":0,"max_hp_gain":0,"max_hp_loss":0,"event_name":"Tomb of Lord Red Mask","floor":47,"gold_loss":0}],"is_beta":false,"boss_relics":[{"not_picked":["Astrolabe","Ectoplasm"],"picked":"VioletLotus"},{"not_picked":["Black Star","Tiny House"],"picked":"Runic Pyramid"}],"items_purged_floors":[13,24,46,54],"is_endless":false,"potions_floor_spawned":[1,4,10,12,18,19,21,29,33,35,42,45,48],"ascension_level":20}