{"gold_per_floor":[109,89,101,101,23,23,50,65,65,96,109,135,147,175,187,270,282,308,320,332,358,382,420,37,37,60,87,1,20,20,30,30,108,108,128,128,138,163,163,188,204,219,219,250,250,277,291,216,216,216,216,216,216,49,104,104],"floor_reached":56,"playtime":4875,"items_purged":["Defend_P"],"score":2410,"play_id":"8e679b4d-2344-493d-948e-7db9fca739d6","local_time":"20220506205000","falling_options_log":["EmptyMind","Adaptation"],"is_ascension_mode":true,"campfire_choices":[{"data":"Eruption","floor":6.0,"key":"SMITH"},{"data":"1","floor":15.0,"key":"LIFT"},{"data":"2","floor":32.0,"key":"LIFT"},{"floor":49.0,"key":"RECALL"},{"data":"3","floor":53.0,"key":"LIFT"}],"neow_cost":"NONE","seed_source_timestamp":1273555068920700,"shop_contents":[{"floor":5,"relics":["Happy Flower","Torii","PrismaticShard"],"cards":["SignatureMove","Evaluate","InnerPeace","Wireheading","PanicButton","Thinking Ahead"],"potions":["Explosive Potion","LiquidMemories","Swift Potion"]},{"floor":24,"relics":["Regal Pillow","Medical Kit"],"cards":["JustLucky","Brilliance","Evaluate","ThirdEye","DevaForm","Panacea","Mayhem"],"potions":["LiquidBronze","DuplicationPotion","Ambrosia"]},{"floor":28,"relics":["Juzu Bracelet","Gremlin Horn","TheAbacus"],"cards":["LessonLearned","TalkToTheHand","Prostrate","Perseverance","Jack Of All Trades","Transmutation"],"potions":["Regen Potion","SmokeBomb","Block Potion"]},{"floor":45,"relics":["Akabeko","Mango","Membership Card"],"cards":["Consecrate+1","SashWhip+1","EmptyBody","WreathOfFlame","BattleHymn","Enlightenment","Violence"],"potions":["Block Potion","Regen Potion","Ambrosia"]},{"floor":54,"relics":["Pear","Bottled Lightning"],"cards":["SashWhip+1","CarveReality+1","ClearTheMind","ThirdEye","MentalFortress","Swift Strike+1","Chrysalis"],"potions":["FairyPotion","BlessingOfTheForge","Fire Potion"]}],"circlet_count":0,"master_deck":["AscendersBane","Strike_P","Eruption+1","Vigilance","Consecrate","Crescendo","FearNoEvil","EmptyMind","CutThroughFate","Wallop","Scrawl","FearNoEvil","Ghostly","Ghostly","Ghostly","Indignation","RitualDagger","CutThroughFate","Adaptation","FlurryOfBlows+1","EmptyMind","Vengeance+1","ForeignInfluence+1","CrushJoints+1","CutThroughFate+1","MentalFortress","Ghostly"],"special_seed":0,"potion_use_per_floor":[[],[],[],[],[],[],["PowerPotion"],[],[],[],["SkillPotion"],[],[],["StancePotion"],[],["ColorlessPotion"],[],[],[],[],[],[],[],[],[],[],[],[],[],[],[],[],[],[],[],[],[],[],[],[],[],[],[],[],[],[],[],[],[],["CultistPotion"],[],[],[],[],[],["DuplicationPotion"]],"relics":["VioletLotus","StrikeDummy","Lantern","Girya","Letter Opener","MawBank","Fusion Hammer","White Beast Statue","Gambling Chip","Bag of Preparation","Boot","Astrolabe","StoneCalendar","Turnip","Shuriken","Molten Egg 2","GoldenEye","DollysMirror","Orichalcum"],"potions_floor_usage":[56],"damage_taken":[{"damage":5.0,"enemies":"Small Slimes","floor":1.0,"turns":5.0},{"damage":0.0,"enemies":"Cultist","floor":3.0,"turns":4.0},{"damage":9.0,"enemies":"Lagavulin","floor":7.0,"turns":5.0},{"damage":0.0,"enemies":"2 Louse","floor":8.0,"turns":2.0},{"damage":14.0,"enemies":"3 Sentries","floor":10.0,"turns":5.0},{"damage":0.0,"enemies":"Exordium Wildlife","floor":11.0,"turns":2.0},{"damage":0.0,"enemies":"Gremlin Nob","floor":12.0,"turns":2.0},{"damage":4.0,"enemies":"2 Fungi Beasts","floor":13.0,"turns":2.0},{"damage":2.0,"enemies":"3 Sentries","floor":14.0,"turns":5.0},{"damage":12.0,"enemies":"The Guardian","floor":16.0,"turns":5.0},{"damage":0.0,"enemies":"Chosen","floor":18.0,"turns":2.0},{"damage":0.0,"enemies":"Spheric Guardian","floor":21.0,"turns":2.0},{"damage":14.0,"enemies":"Snecko","floor":22.0,"turns":4.0},{"damage":0.0,"enemies":"Gremlin Leader","floor":23.0,"turns":3.0},{"damage":2.0,"enemies":"Book of Stabbing","floor":27.0,"turns":3.0},{"damage":0.0,"enemies":"Sentry and Sphere","floor":29.0,"turns":1.0},{"damage":0.0,"enemies":"Shelled Parasite and Fungi","floor":31.0,"turns":2.0},{"damage":2.0,"enemies":"Automaton","floor":33.0,"turns":4.0},{"damage":0.0,"enemies":"3 Darklings","floor":35.0,"turns":3.0},{"damage":0.0,"enemies":"Orb Walker","floor":37.0,"turns":1.0},{"damage":0.0,"enemies":"Mind Bloom Boss Battle","floor":38.0,"turns":2.0},{"damage":0.0,"enemies":"Nemesis","floor":40.0,"turns":1.0},{"damage":0.0,"enemies":"Spire Growth","floor":41.0,"turns":1.0},{"damage":0.0,"enemies":"Sphere and 2 Shapes","floor":42.0,"turns":2.0},{"damage":3.0,"enemies":"Giant Head","floor":44.0,"turns":4.0},{"damage":0.0,"enemies":"Nemesis","floor":46.0,"turns":1.0},{"damage":0.0,"enemies":"Maw","floor":47.0,"turns":2.0},{"damage":3.0,"enemies":"Time Eater","floor":50.0,"turns":4.0},{"damage":0.0,"enemies":"Donu and Deca","floor":51.0,"turns":3.0},{"damage":0.0,"enemies":"Shield and Spear","floor":55.0,"turns":3.0},{"damage":40,"enemies":"The Heart","floor":56,"turns":8}],"seed_played":"9121893175731978595","neow_bonus_log":{"cardsObtained":[],"cardsUpgraded":[],"cardsRemoved":[],"cardsTransformed":[],"relicsObtained":["VioletLotus"],"maxHpGained":0,"goldGained":0,"damageTaken":0,"goldLost":0,"maxHpLost":0},"potions_obtained":[{"floor":2.0,"key":"StancePotion"},{"floor":3.0,"key":"PowerPotion"},{"floor":7.0,"key":"SkillPotion"},{"floor":13.0,"key":"ColorlessPotion"},{"floor":16.0,"key":"Fire Potion"},{"floor":22.0,"key":"FairyPotion"},{"floor":29.0,"key":"GamblersBrew"},{"floor":37.0,"key":"DuplicationPotion"},{"floor":38.0,"key":"CultistPotion"},{"floor":55.0,"key":"SneckoOil"}],"is_trial":false,"path_per_floor":["M","?","M","?","$","R","E","M","T","E","M","E","M","E","R","B",null,"M","?","?","M","M","E","$","?","T","E","$","M","?","M","R","B",null,"M","?","M","?","?","E","M","M","T","E","$","E","M","?","R","B","B",null,"R","$","E","B"],"character_chosen":"WATCHER","items_purchased":["FearNoEvil","Gambling Chip","Adaptation","DollysMirror"],"campfire_rested":0,"item_purchase_floors":[5,24,28,54],"current_hp_per_floor":[56,56,56,56,56,56,47,47,47,33,33,33,29,27,27,15,55,55,55,34,34,20,20,20,14,14,12,12,12,12,12,12,10,28,28,28,28,28,28,28,28,28,28,25,25,25,25,25,25,22,22,31,31,31,31,0],"gold":104,"neow_bonus":"BOSS_RELIC","is_prod":false,"is_daily":false,"rewards_skipped":[{"floor":23,"relics":[],"potions":["GamblersBrew"]},{"floor":27,"relics":[],"potions":["Energy Potion"]},{"floor":31,"relics":[],"potions":["Block Potion"]},{"floor":33,"relics":[],"potions":["FearPotion"]},{"floor":35,"relics":[],"potions":["GamblersBrew"]},{"floor":40,"relics":[],"potions":["BottledMiracle"]},{"floor":41,"relics":[],"potions":["Swift Potion"]},{"floor":42,"relics":[],"potions":["SteroidPotion"]},{"floor":44,"relics":[],"potions":["StancePotion"]},{"floor":46,"relics":[],"potions":["Ancient Potion"]},{"floor":47,"relics":[],"potions":["CultistPotion"]}],"chose_seed":false,"campfire_upgraded":1,"win_rate":0,"floor_exit_playtime":[200,216,307,408,500,508,749,809,813,990,1166,1204,1326,1512,1524,1754,1940,1976,2007,2023,2088,2252,2365,2420,2435,2440,2575,2589,2647,2660,2722,2727,2932,3028,3164,3171,3205,3333,3339,3437,3514,3578,3584,3805,3832,3890,4023,4047,4051,4258,4468,4479,4484,4501,4606],"timestamp":1651884600,"blue_key_relic_skipped_log":{"floor":43,"relicID":"Toxic Egg 2"},"path_taken":["M","?","M","?","$","R","E","M","T","E","M","E","M","E","R","BOSS","M","?","?","?","M","E","$","?","T","E","?","M","?","?","R","BOSS","M","?","?","?","?","E","?","M","T","E","$","E","M","?","R","BOSS","BOSS","R","$","E","BOSS"],"build_version":"2022-03-07","purchased_purges":1,"victory":false,"max_hp_per_floor":[68,68,68,68,68,68,68,68,68,68,68,68,68,68,68,68,68,68,68,34,34,34,34,34,34,34,34,34,34,34,34,34,34,34,34,34,34,34,34,34,34,34,34,34,34,34,34,34,34,34,34,34,34,34,34,34],"relic_stats":{"Girya":3,"counters":[31,93],"Astrolabe":["FollowUp","Vengeance","ForeignInfluence"],"StoneCalendar":[35],"Bag of Preparation":[34],"Letter Opener":[178],"Orichalcum":[36],"MawBank":120,"Boot":[2],"GoldenEye":[16],"White Beast Statue":[0.0,0.0,0.0,0.4,0.0,0.6000000000000001,0.0,0.0,0.0,0.0,0.0,6.171908864000002],"Shuriken":[29],"Gambling Chip":[52],"VioletLotus":[58],"Turnip":[7],"obtain_stats":[{"Girya":10,"Lantern":9,"Astrolabe":34,"StoneCalendar":36,"Bag of Preparation":26,"Letter Opener":12,"Orichalcum":55,"MawBank":14,"Boot":27,"GoldenEye":46,"White Beast Statue":23,"Shuriken":40,"DollysMirror":54,"Gambling Chip":24,"Molten Egg 2":44,"VioletLotus":0,"Fusion Hammer":17,"Turnip":38,"PureWater":0,"StrikeDummy":7},{"Girya":5,"Lantern":4,"Astrolabe":18,"StoneCalendar":19,"Bag of Preparation":14,"Letter Opener":7,"Orichalcum":30,"MawBank":9,"Boot":15,"GoldenEye":26,"White Beast Statue":14,"Shuriken":22,"DollysMirror":29,"Gambling Chip":14,"Molten Egg 2":25,"VioletLotus":0,"Fusion Hammer":10,"Turnip":21,"PureWater":0,"StrikeDummy":3},{"Girya":21,"Lantern":16,"Astrolabe":58,"StoneCalendar":61,"Bag of Preparation":48,"Letter Opener":25,"Orichalcum":85,"MawBank":32,"Boot":51,"GoldenEye":73,"White Beast Statue":48,"Shuriken":65,"DollysMirror":82,"Gambling Chip":48,"Molten Egg 2":72,"VioletLotus":0,"Fusion Hammer":37,"Turnip":64,"PureWater":0,"StrikeDummy":14}]},"card_choices":[{"not_picked":["LikeWater","BowlingBash"],"picked":"Consecrate","floor":1.0},{"not_picked":["Prostrate","Evaluate"],"picked":"Crescendo","floor":3.0},{"not_picked":["PathToVictory","Study","WreathOfFlame"],"picked":"SKIP","floor":7.0},{"not_picked":["FlyingSleeves","FlurryOfBlows","Swivel"],"picked":"SKIP","floor":8.0},{"not_picked":["SashWhip","Evaluate"],"picked":"EmptyMind","floor":10.0},{"not_picked":["SashWhip","Consecrate"],"picked":"CutThroughFate","floor":11.0},{"not_picked":["Consecrate","CarveReality","SashWhip"],"picked":"SKIP","floor":12.0},{"not_picked":["Alpha","CutThroughFate","EmptyFist"],"picked":"SKIP","floor":13.0},{"not_picked":["ReachHeaven","PathToVictory"],"picked":"Wallop","floor":14.0},{"not_picked":["LessonLearned","DevaForm"],"picked":"Scrawl","floor":16.0},{"not_picked":["Protect+1","Conclude"],"picked":"FearNoEvil","floor":18.0},{"not_picked":["ThirdEye","ClearTheMind+1","FlurryOfBlows"],"picked":"SKIP","floor":21.0},{"not_picked":["Halt","JustLucky"],"picked":"Indignation","floor":22.0},{"not_picked":["JustLucky","Weave","FollowUp"],"picked":"SKIP","floor":23.0},{"not_picked":["Crescendo","Halt","CutThroughFate"],"picked":"SKIP","floor":27.0},{"not_picked":["Crescendo","Halt"],"picked":"CutThroughFate","floor":27.0},{"not_picked":["WindmillStrike+1","CarveReality"],"picked":"FlurryOfBlows+1","floor":29.0},{"not_picked":["Protect","ThirdEye"],"picked":"EmptyMind","floor":31.0},{"not_picked":["PathToVictory","FlyingSleeves"],"picked":"CrushJoints+1","floor":35.0},{"not_picked":["ForeignInfluence","SashWhip"],"picked":"CutThroughFate+1","floor":37.0},{"not_picked":["BattleHymn+1","FlurryOfBlows","CrushJoints"],"picked":"SKIP","floor":40.0},{"not_picked":["JustLucky+1","ClearTheMind","Halt"],"picked":"SKIP","floor":41.0},{"not_picked":["FollowUp","MasterReality","PathToVictory"],"picked":"SKIP","floor":42.0},{"not_picked":["ClearTheMind+1","Worship"],"picked":"MentalFortress","floor":44.0},{"not_picked":["WaveOfTheHand","SandsOfTime+1","SashWhip+1"],"picked":"SKIP","floor":46.0},{"not_picked":["ClearTheMind","CrushJoints+1","FlurryOfBlows+1"],"picked":"SKIP","floor":47.0},{"not_picked":["ForeignInfluence","SashWhip+1","EmptyBody"],"picked":"SKIP","floor":55.0}],"player_experience":12838132,"relics_obtained":[{"floor":7.0,"key":"StrikeDummy"},{"floor":9.0,"key":"Lantern"},{"floor":10.0,"key":"Girya"},{"floor":12.0,"key":"Letter Opener"},{"floor":14.0,"key":"MawBank"},{"floor":23.0,"key":"White Beast Statue"},{"floor":26.0,"key":"Bag of Preparation"},{"floor":27.0,"key":"Boot"},{"floor":38.0,"key":"Turnip"},{"floor":40.0,"key":"Shuriken"},{"floor":44.0,"key":"Molten Egg 2"},{"floor":46.0,"key":"GoldenEye"},{"floor":55.0,"key":"Orichalcum"}],"event_choices":[{"damage_healed":0.0,"max_hp_gain":0.0,"max_hp_loss":0.0,"gold_gain":0.0,"event_name":"The Woman in Blue","player_choice":"Bought 1 Potion","floor":2.0,"gold_loss":0.0,"damage_taken":0.0},{"cards_removed":["Defend_P"],"damage_healed":0.0,"max_hp_gain":0.0,"max_hp_loss":0.0,"gold_gain":0.0,"event_name":"Living Wall","player_choice":"Forget","floor":4.0,"gold_loss":0.0,"damage_taken":0.0},{"cards_removed":["Defend_P"],"damage_healed":0.0,"max_hp_gain":0.0,"max_hp_loss":0.0,"gold_gain":0.0,"event_name":"Back to Basics","player_choice":"Elegance","floor":19.0,"gold_loss":0.0,"damage_taken":0.0},{"damage_healed":0.0,"max_hp_gain":0.0,"max_hp_loss":34.0,"gold_gain":0.0,"event_name":"Ghosts","player_choice":"Became a Ghost","floor":20.0,"gold_loss":0.0,"damage_taken":0.0,"cards_obtained":["Ghostly","Ghostly","Ghostly"]},{"damage_healed":0.0,"max_hp_gain":0.0,"max_hp_loss":0.0,"gold_gain":0.0,"event_name":"Nest","player_choice":"Joined the Cult","floor":25.0,"gold_loss":0.0,"damage_taken":6.0,"cards_obtained":["RitualDagger"]},{"damage_healed":0.0,"max_hp_gain":0.0,"max_hp_loss":0.0,"gold_gain":0.0,"event_name":"The Mausoleum","player_choice":"Ignored","floor":30.0,"gold_loss":0.0,"damage_taken":0.0},{"damage_healed":0.0,"max_hp_gain":0.0,"max_hp_loss":0.0,"gold_gain":0.0,"event_name":"WeMeetAgain","player_choice":"Gave Potion","floor":36.0,"gold_loss":0.0,"damage_taken":0.0,"relics_obtained":["StoneCalendar"]},{"damage_healed":0.0,"max_hp_gain":0.0,"max_hp_loss":0.0,"gold_gain":0.0,"event_name":"MindBloom","player_choice":"Fight","floor":38.0,"gold_loss":0.0,"damage_taken":0.0},{"cards_removed":["FollowUp"],"damage_healed":0.0,"max_hp_gain":0.0,"max_hp_loss":0.0,"gold_gain":0.0,"event_name":"Falling","player_choice":"Removed Attack","floor":39.0,"gold_loss":0.0,"damage_taken":0.0},{"cards_removed":["Strike_P"],"damage_healed":0.0,"max_hp_gain":0.0,"max_hp_loss":0.0,"gold_gain":0.0,"event_name":"Designer","player_choice":"Single Remove","floor":48.0,"gold_loss":75.0,"damage_taken":0.0}],"is_beta":false,"boss_relics":[{"not_picked":["Pandora\u0027s Box","Snecko Eye"],"picked":"Fusion Hammer"},{"not_picked":["Velvet Choker","Busted Crown"],"picked":"Astrolabe"}],"items_purged_floors":[24],"is_endless":false,"potions_floor_spawned":[3,7,13,16,22,23,27,29,31,33,35,37,38,40,41,42,44,46,47,55],"killed_by":"The Heart","ascension_level":20,"potion_discard_per_floor":[[],[],[],[],[],[],[],[],[],[],[],[],[],[],[],[],[],[],[],[],[],[],[],[],[],[],[],[],["Fire Potion"],[],[],[],[],[],[],[],[],["FairyPotion"],[],[],[],[],[],[],[],[],[],[],[],[],[],[],[],[],[],[]]}