{"gold_per_floor":[117,127,27,41,60,60,97,97,97,97,116,158,58,86,86,162,162,183,183,204,223,223,266,266,285,355,355],"floor_reached":27,"playtime":1267,"items_purged":["Defend_P","Strike_P"],"score":665,"play_id":"491594c9-e904-40a4-9e28-9db1413a3a3b","local_time":"20220510165205","is_ascension_mode":true,"campfire_choices":[{"data":"Eruption","floor":6,"key":"SMITH"},{"data":"Wallop","floor":10,"key":"SMITH"},{"data":"TalkToTheHand","floor":15,"key":"SMITH"},{"floor":24,"key":"DIG"}],"neow_cost":"NONE","seed_source_timestamp":3040940075512600,"shop_contents":[{"floor":3,"relics":["Blood Vial","Omamori","OrangePellets"],"cards":["CutThroughFate","Prostrate","Indignation","MasterReality","Swift Strike","Apotheosis"],"potions":["GamblersBrew","Ambrosia","LiquidMemories"]},{"floor":13,"relics":["Strawberry","Damaru","Sling"],"cards":["BowlingBash","FearNoEvil","Pray","WaveOfTheHand","MentalFortress","Enlightenment","Sadistic Nature"],"potions":["Strength Potion","EntropicBrew","PowerPotion"]}],"circlet_count":0,"master_deck":["AscendersBane","Strike_P","Strike_P","Strike_P","Defend_P","Defend_P","Eruption+1","Vigilance","Wallop+1","Tantrum","FollowUp","TalkToTheHand+1","ThirdEye","BowlingBash","Halt","Tantrum","CutThroughFate","EmptyFist","DeusExMachina","FlurryOfBlows+1"],"potion_use_per_floor":[[],[],[],[],["Dexterity Potion"],[],[],[],[],[],[],["Block Potion"],[],[],[],[],[],[],[],["SkillPotion"],[],[],[],[],["FairyPotion"],[],[]],"relics":["PureWater","CeramicFish","Kunai","Fusion Hammer","Nloth\u0027s Gift","Shovel","Vajra","Question Card"],"potions_floor_usage":[5,12,20],"damage_taken":[{"damage":0,"enemies":"Small Slimes","floor":1,"turns":2},{"damage":2,"enemies":"Jaw Worm","floor":2,"turns":3},{"damage":0,"enemies":"Cultist","floor":4,"turns":3},{"damage":32,"enemies":"Exordium Thugs","floor":5,"turns":5},{"damage":0,"enemies":"Gremlin Nob","floor":7,"turns":3},{"damage":0,"enemies":"Red Slaver","floor":11,"turns":2},{"damage":2,"enemies":"3 Sentries","floor":12,"turns":5},{"damage":0,"enemies":"3 Louse","floor":14,"turns":2},{"damage":0,"enemies":"The Guardian","floor":16,"turns":11},{"damage":0,"enemies":"Spheric Guardian","floor":18,"turns":2},{"damage":0,"enemies":"Shell Parasite","floor":20,"turns":3},{"damage":9,"enemies":"3 Cultists","floor":21,"turns":4},{"damage":19,"enemies":"Slavers","floor":23,"turns":5},{"damage":48,"enemies":"Snake Plant","floor":25,"turns":5},{"damage":34,"enemies":"Book of Stabbing","floor":27,"turns":2}],"seed_played":"-2031428455527973345","neow_bonus_log":{"cardsObtained":[],"cardsUpgraded":[],"cardsRemoved":[],"cardsTransformed":[],"relicsObtained":[],"maxHpGained":6,"goldGained":0,"damageTaken":0,"goldLost":0,"maxHpLost":0},"potions_obtained":[{"floor":1,"key":"Dexterity Potion"},{"floor":11,"key":"Block Potion"},{"floor":16,"key":"SkillPotion"},{"floor":18,"key":"FairyPotion"},{"floor":21,"key":"BottledMiracle"},{"floor":25,"key":"Energy Potion"}],"is_trial":false,"path_per_floor":["M","M","$","M","M","R","E","?","T","R","M","E","$","M","R","B",null,"M","?","M","M","?","E","R","M","T","E"],"character_chosen":"WATCHER","items_purchased":["FollowUp"],"campfire_rested":0,"item_purchase_floors":[3],"current_hp_per_floor":[67,65,65,65,33,33,33,26,26,26,26,38,38,38,38,38,76,76,76,76,67,67,48,48,26,26,0],"gold":355,"neow_bonus":"TEN_PERCENT_HP_BONUS","is_prod":false,"is_daily":false,"rewards_skipped":[],"chose_seed":false,"campfire_upgraded":3,"win_rate":0,"floor_exit_playtime":[82,115,127,181,242,248,294,309,315,328,372,476,495,523,529,727,790,835,839,927,1008,1034,1143,1151,1234,1238],"timestamp":1652215925,"path_taken":["M","M","$","M","M","R","E","?","T","R","M","E","$","M","R","BOSS","M","?","M","M","?","E","R","?","T","E"],"build_version":"2022-03-07","purchased_purges":2,"victory":false,"max_hp_per_floor":[74,74,74,74,74,74,74,74,74,74,74,88,88,88,88,88,88,88,88,88,88,88,88,88,88,88,88],"relic_stats":{"Shovel":1,"counters":[15,57],"CeramicFish":72,"Nloth\u0027s Gift":0,"Kunai":[22],"PureWater":[6],"Question Card":0,"obtain_stats":[{"Shovel":23,"CeramicFish":7,"Vajra":24,"Mango":12,"Fusion Hammer":17,"Nloth\u0027s Gift":22,"Kunai":9,"PureWater":0,"Question Card":26},{"Shovel":13,"CeramicFish":5,"Vajra":13,"Mango":7,"Fusion Hammer":9,"Nloth\u0027s Gift":12,"Kunai":5,"PureWater":0,"Question Card":14},{"Shovel":50,"CeramicFish":16,"Vajra":50,"Mango":23,"Fusion Hammer":36,"Nloth\u0027s Gift":45,"Kunai":16,"PureWater":0,"Question Card":55}]},"card_choices":[{"not_picked":["EmptyMind","EmptyBody"],"picked":"Wallop","floor":1},{"not_picked":["PathToVictory","SandsOfTime"],"picked":"Tantrum","floor":2},{"not_picked":["PathToVictory","Swivel","ForeignInfluence"],"picked":"SKIP","floor":4},{"not_picked":["BowlingBash","Evaluate"],"picked":"TalkToTheHand","floor":5},{"not_picked":["EmptyBody","FlyingSleeves"],"picked":"ThirdEye","floor":7},{"not_picked":["Study","CrushJoints"],"picked":"BowlingBash","floor":11},{"not_picked":["Nirvana","EmptyMind"],"picked":"Halt","floor":12},{"not_picked":["Halt","Consecrate"],"picked":"Tantrum","floor":14},{"not_picked":["Halt","FollowUp"],"picked":"CutThroughFate","floor":18},{"not_picked":["WheelKick","Prostrate"],"picked":"EmptyFist","floor":20},{"not_picked":["Protect","ClearTheMind","Indignation"],"picked":"SKIP","floor":21},{"not_picked":["SignatureMove","SandsOfTime"],"picked":"DeusExMachina","floor":23},{"not_picked":["Crescendo","Halt"],"picked":"FlurryOfBlows+1","floor":25}],"player_experience":6888925,"relics_obtained":[{"floor":7,"key":"CeramicFish"},{"floor":9,"key":"Kunai"},{"floor":12,"key":"Mango"},{"floor":23,"key":"Shovel"},{"floor":24,"key":"Vajra"},{"floor":26,"key":"Question Card"}],"event_choices":[{"cards_removed":["Defend_P"],"damage_healed":0,"gold_gain":0,"player_choice":"Card Removal","damage_taken":7,"max_hp_gain":0,"max_hp_loss":0,"event_name":"Golden Wing","floor":8,"gold_loss":0},{"damage_healed":0,"gold_gain":0,"player_choice":"Ignored","damage_taken":0,"max_hp_gain":0,"max_hp_loss":0,"event_name":"Ghosts","floor":19,"gold_loss":0},{"damage_healed":0,"gold_gain":0,"player_choice":"Traded Relic","damage_taken":0,"relics_obtained":["Nloth\u0027s Gift"],"max_hp_gain":0,"max_hp_loss":0,"event_name":"N\u0027loth","floor":22,"relics_lost":["Mango"],"gold_loss":0}],"is_beta":false,"boss_relics":[{"not_picked":["Cursed Key","Sozu"],"picked":"Fusion Hammer"}],"items_purged_floors":[3,13],"is_endless":false,"potions_floor_spawned":[1,11,16,18,21,25],"killed_by":"Book of Stabbing","ascension_level":20,"potion_discard_per_floor":[[],[],[],[],[],[],[],[],[],[],[],[],[],[],[],[],[],[],[],[],[],[],[],[],[],[],[]]}