{"gold_per_floor":[366,382,396,415,141,141,158,175,175,208,208,227,227],"floor_reached":13,"playtime":1011,"items_purged":["Strike_P"],"score":178,"play_id":"3b1905ff-d795-4933-b2c4-d25fa36b5b6d","local_time":"20220510163036","is_ascension_mode":true,"campfire_choices":[{"floor":6,"key":"REST"},{"floor":11,"key":"REST"}],"neow_cost":"PERCENT_DAMAGE","seed_source_timestamp":3039908193681300,"shop_contents":[{"floor":5,"relics":["Molten Egg 2","StrikeDummy","Medical Kit"],"cards":["Consecrate","LessonLearned","Prostrate","BattleHymn","Transmutation"],"potions":["DistilledChaos","BlessingOfTheForge"]}],"circlet_count":0,"master_deck":["AscendersBane","Strike_P","Strike_P","Strike_P","Defend_P","Defend_P","Defend_P","Defend_P","Eruption","Vigilance","PathToVictory","ThirdEye","Vault","SignatureMove","PathToVictory","Dark Shackles","PathToVictory","LikeWater"],"potion_use_per_floor":[[],[],[],[],[],[],[],[],[],["AttackPotion"],[],["Dexterity Potion"],[]],"relics":["PureWater","Incense Burner","Matryoshka"],"potions_floor_usage":[10,12],"damage_taken":[{"damage":2,"enemies":"Cultist","floor":1,"turns":3},{"damage":11,"enemies":"2 Louse","floor":2,"turns":2},{"damage":7,"enemies":"Jaw Worm","floor":3,"turns":4},{"damage":3,"enemies":"Red Slaver","floor":4,"turns":4},{"damage":0,"enemies":"2 Fungi Beasts","floor":7,"turns":3},{"damage":13,"enemies":"Gremlin Gang","floor":8,"turns":4},{"damage":12,"enemies":"3 Sentries","floor":10,"turns":6},{"damage":25,"enemies":"Exordium Thugs","floor":12,"turns":5},{"damage":10,"enemies":"Lagavulin","floor":13,"turns":6}],"seed_played":"2844686718193538623","neow_bonus_log":{"cardsObtained":[],"cardsUpgraded":[],"cardsRemoved":[],"cardsTransformed":[],"relicsObtained":[],"maxHpGained":0,"goldGained":250,"damageTaken":18,"goldLost":0,"maxHpLost":0},"potions_obtained":[{"floor":1,"key":"Dexterity Potion"},{"floor":2,"key":"Ancient Potion"}],"is_trial":false,"path_per_floor":["M","M","M","M","$","R","M","M","T","E","R","M","E"],"character_chosen":"WATCHER","items_purchased":["PathToVictory","AttackPotion","Dark Shackles"],"campfire_rested":2,"item_purchase_floors":[5,5,5],"current_hp_per_floor":[41,30,23,20,20,40,40,27,27,15,35,10,0],"gold":227,"neow_bonus":"TWO_FIFTY_GOLD","is_prod":false,"is_daily":false,"rewards_skipped":[{"floor":7,"relics":[],"potions":["SpeedPotion"]}],"chose_seed":false,"campfire_upgraded":0,"win_rate":0,"floor_exit_playtime":[226,281,322,399,514,523,627,708,716,858,862,948],"timestamp":1652214636,"path_taken":["M","M","?","M","$","R","M","M","T","E","R","M","E"],"build_version":"2022-03-07","purchased_purges":1,"victory":false,"max_hp_per_floor":[68,68,68,68,68,68,68,68,68,68,68,68,68],"relic_stats":{"Matryoshka":0,"counters":[9,37],"PureWater":[9],"obtain_stats":[{"Matryoshka":10,"Incense Burner":9,"PureWater":0},{"Matryoshka":7,"Incense Burner":6,"PureWater":0},{"Matryoshka":26,"Incense Burner":20,"PureWater":0}]},"card_choices":[{"not_picked":["Vengeance","FlurryOfBlows"],"picked":"PathToVictory","floor":1},{"not_picked":["Consecrate","EmptyBody"],"picked":"ThirdEye","floor":2},{"not_picked":["JustLucky","WreathOfFlame"],"picked":"Vault","floor":3},{"not_picked":["Pray","Evaluate"],"picked":"SignatureMove","floor":4},{"not_picked":["Halt","JustLucky"],"picked":"PathToVictory","floor":7},{"not_picked":["FollowUp","Adaptation"],"picked":"LikeWater","floor":8},{"not_picked":["Indignation","Crescendo","FollowUp"],"picked":"SKIP","floor":10}],"player_experience":6887914,"relics_obtained":[{"floor":9,"key":"Incense Burner"},{"floor":10,"key":"Matryoshka"}],"event_choices":[],"is_beta":false,"boss_relics":[],"items_purged_floors":[5],"is_endless":false,"potions_floor_spawned":[1,2,7],"killed_by":"Lagavulin","ascension_level":20,"potion_discard_per_floor":[[],[],[],[],["Ancient Potion"],[],[],[],[],[],[],[],[]]}