{"gold_per_floor":[212,229,14,14,14,45,65,65,118,137,137,167,181,181,181,258,308,279,292,292,292,17,17,42,59,136,156,181,181,181,81,81,156,156,172,197,217,217,228,254,254,269,269,269,295,295,314,61,61,61,61,61,61,6,38,38],"floor_reached":57,"playtime":7730,"items_purged":["Defend_P","Strike_P"],"score":2741,"play_id":"c6108798-f3f4-45ed-8be1-f86de8649a35","local_time":"20220512142721","falling_options_log":["JustLucky","Adaptation+1"],"is_ascension_mode":true,"campfire_choices":[{"data":"Eruption","floor":8,"key":"SMITH"},{"floor":11,"key":"REST"},{"floor":15,"key":"REST"},{"data":"Apotheosis","floor":23,"key":"SMITH"},{"floor":29,"key":"REST"},{"data":"Fasting2","floor":32,"key":"SMITH"},{"data":"Strike_P","floor":41,"key":"PURGE"},{"floor":44,"key":"RECALL"},{"data":"Strike_P","floor":49,"key":"PURGE"},{"floor":53,"key":"REST"}],"neow_cost":"NONE","seed_source_timestamp":3198556956039700,"shop_contents":[{"floor":3,"relics":["Girya","Pantograph"],"cards":["FlurryOfBlows","JustLucky","EmptyMind","Evaluate","LikeWater","Good Instincts","Chrysalis"],"potions":["AttackPotion","FearPotion"]},{"floor":22,"relics":["Bird Faced Urn","MealTicket","Melange"],"cards":["FollowUp","SashWhip","Evaluate","InnerPeace","Devotion","Dramatic Entrance"],"potions":["DuplicationPotion","FearPotion","SneckoOil"]},{"floor":31,"relics":["Pear","Question Card","Sling"],"cards":["WheelKick","BowlingBash","Meditate","Worship","Nirvana","Bandage Up","HandOfGreed"],"potions":["SpeedPotion","DistilledChaos","GamblersBrew"]},{"floor":48,"relics":["Pen Nib","Membership Card"],"cards":["Consecrate","BowlingBash","PathToVictory","ForeignInfluence","Madness","HandOfGreed"],"potions":["Explosive Potion","FearPotion","Ambrosia"]},{"floor":54,"relics":["Boot","Kunai","Frozen Eye"],"cards":["CrushJoints","SashWhip","ClearTheMind","EmptyMind","LikeWater","Finesse","Mayhem"],"potions":["DistilledChaos","DuplicationPotion"]}],"circlet_count":0,"master_deck":["AscendersBane","Defend_P","Defend_P+1","Eruption+1","Vigilance","Consecrate","JustLucky","FlyingSleeves","ThirdEye","CrushJoints","WheelKick","Judgement","EmptyFist","CutThroughFate","Apotheosis+1","Evaluate+1","Crescendo","CutThroughFate","Fasting2+1","Vault","Adaptation+1","Evaluate+1","Vault","CutThroughFate+1","Fasting2"],"potion_use_per_floor":[[],[],[],[],[],["SteroidPotion"],[],[],[],[],[],["CultistPotion"],[],[],[],["Strength Potion","StancePotion"],[],[],[],[],[],[],[],["LiquidMemories"],[],[],["Regen Potion"],[],[],[],[],[],[],[],[],[],[],[],[],["DuplicationPotion"],[],[],[],[],[],[],[],[],[],[],["BottledMiracle"],[],[],[],["BottledMiracle"],["SpeedPotion","SteroidPotion","CultistPotion"],[]],"relics":["PureWater","OrangePellets","Ancient Tea Set","Potion Belt","Lantern","Ginger","Tiny House","Mango","Ornamental Fan","Blood Vial","Busted Crown","Peace Pipe","Gambling Chip","Orichalcum","Centennial Puzzle","Shuriken"],"potions_floor_usage":[6,12,16,16,24,27,40,51,55,56,56,56],"damage_taken":[{"damage":9,"enemies":"Cultist","floor":1,"turns":6},{"damage":0,"enemies":"2 Louse","floor":2,"turns":2},{"damage":15,"enemies":"3 Sentries","floor":6,"turns":5},{"damage":12,"enemies":"Jaw Worm","floor":7,"turns":4},{"damage":15,"enemies":"Red Slaver","floor":10,"turns":4},{"damage":18,"enemies":"Lagavulin","floor":12,"turns":7},{"damage":8,"enemies":"3 Louse","floor":13,"turns":2},{"damage":21,"enemies":"Hexaghost","floor":16,"turns":7},{"damage":8,"enemies":"2 Thieves","floor":18,"turns":4},{"damage":0,"enemies":"Spheric Guardian","floor":19,"turns":2},{"damage":9,"enemies":"Book of Stabbing","floor":24,"turns":4},{"damage":15,"enemies":"Snecko","floor":25,"turns":3},{"damage":0,"enemies":"Cultist and Chosen","floor":27,"turns":3},{"damage":16,"enemies":"Gremlin Leader","floor":28,"turns":4},{"damage":11,"enemies":"Champ","floor":33,"turns":7},{"damage":0,"enemies":"Orb Walker","floor":35,"turns":2},{"damage":28,"enemies":"Mind Bloom Boss Battle","floor":36,"turns":5},{"damage":0,"enemies":"3 Shapes","floor":37,"turns":6},{"damage":0,"enemies":"Writhing Mass","floor":39,"turns":4},{"damage":2,"enemies":"Reptomancer","floor":40,"turns":3},{"damage":0,"enemies":"Jaw Worm Horde","floor":42,"turns":2},{"damage":0,"enemies":"Nemesis","floor":45,"turns":3},{"damage":3,"enemies":"Transient","floor":47,"turns":8},{"damage":24,"enemies":"Donu and Deca","floor":50,"turns":7},{"damage":22,"enemies":"Awakened One","floor":51,"turns":14},{"damage":2,"enemies":"Shield and Spear","floor":55,"turns":5},{"damage":31,"enemies":"The Heart","floor":56,"turns":7}],"seed_played":"-4210914124071493601","neow_bonus_log":{"cardsObtained":[],"cardsUpgraded":[],"cardsRemoved":[],"cardsTransformed":[],"relicsObtained":[],"maxHpGained":0,"goldGained":100,"damageTaken":0,"goldLost":0,"maxHpLost":0},"potions_obtained":[{"floor":1,"key":"SkillPotion"},{"floor":10,"key":"CultistPotion"},{"floor":12,"key":"StancePotion"},{"floor":14,"key":"Fire Potion"},{"floor":14,"key":"Strength Potion"},{"floor":17,"key":"Regen Potion"},{"floor":19,"key":"LiquidMemories"},{"floor":24,"key":"SpeedPotion"},{"floor":25,"key":"CultistPotion"},{"floor":35,"key":"BottledMiracle"},{"floor":37,"key":"DuplicationPotion"},{"floor":45,"key":"BottledMiracle"}],"is_trial":false,"path_per_floor":["M","M","$","?","?","E","M","R","T","M","R","E","M","?","R","B",null,"M","M","?","?","$","R","E","M","T","M","E","R","?","$","R","B",null,"M","?","M","T","M","E","R","M","T","R","E","?","M","$","R","B","B",null,"R","$","E","B",null],"character_chosen":"WATCHER","items_purchased":["OrangePellets","SteroidPotion","Apotheosis","Fasting2","Centennial Puzzle","SteroidPotion"],"campfire_rested":4,"item_purchase_floors":[3,3,22,48,48,54],"current_hp_per_floor":[52,52,52,52,52,37,25,25,25,10,30,12,4,4,24,3,57,49,49,49,49,49,49,54,39,39,48,32,58,58,58,58,49,78,80,54,56,56,58,58,58,60,60,60,62,62,61,61,61,39,19,70,87,87,85,56],"gold":38,"neow_bonus":"HUNDRED_GOLD","is_prod":false,"is_daily":false,"rewards_skipped":[{"floor":40,"relics":["Bottled Flame"],"potions":[]},{"floor":47,"relics":[],"potions":["Energy Potion"]}],"chose_seed":false,"campfire_upgraded":3,"win_rate":0,"floor_exit_playtime":[574,637,757,900,917,1180,1334,1346,1361,1492,1500,1752,1822,1866,1872,2082,2505,2654,2694,2742,2761,2839,2847,3185,3372,3388,3719,3918,3962,4033,4144,4173,4471,4627,4689,4868,5027,5036,5302,5540,5550,5624,5629,5714,5919,5947,6107,6223,6234,6476,7009,7032,7055,7088,7409,7730],"timestamp":1652380041,"blue_key_relic_skipped_log":{"floor":43,"relicID":"Meat on the Bone"},"path_taken":["M","M","$","?","?","E","M","R","T","M","R","E","?","?","R","BOSS","M","M","?","?","$","R","E","M","T","M","E","R","?","$","R","BOSS","M","?","M","?","M","E","R","M","T","R","E","?","M","$","R","BOSS","BOSS","R","$","E","BOSS"],"build_version":"2022-03-07","purchased_purges":2,"victory":true,"max_hp_per_floor":[68,68,68,68,68,68,68,68,68,68,68,68,68,68,68,68,73,73,73,73,73,73,73,87,87,87,87,87,87,87,87,87,87,87,87,87,87,87,87,87,87,87,87,87,87,87,87,87,87,87,87,87,87,87,87,87],"relic_stats":{"counters":[27,130],"Ginger":[7],"Orichalcum":[30],"Ancient Tea Set":[18],"Blood Vial":24,"Peace Pipe":2,"OrangePellets":[22],"Centennial Puzzle":[12],"Busted Crown":18,"Ornamental Fan":[168],"Shuriken":[3],"Gambling Chip":[21],"PureWater":[30],"obtain_stats":[{"Potion Belt":6,"Lantern":9,"Tiny House":17,"Mango":24,"Ginger":12,"Orichalcum":45,"Ancient Tea Set":5,"Blood Vial":28,"Peace Pipe":36,"OrangePellets":3,"Centennial Puzzle":48,"Busted Crown":34,"Ornamental Fan":26,"Shuriken":55,"Gambling Chip":38,"PureWater":0},{"Potion Belt":3,"Lantern":4,"Tiny House":8,"Mango":11,"Ginger":6,"Orichalcum":22,"Ancient Tea Set":2,"Blood Vial":14,"Peace Pipe":17,"OrangePellets":2,"Centennial Puzzle":23,"Busted Crown":15,"Ornamental Fan":12,"Shuriken":26,"Gambling Chip":18,"PureWater":0},{"Potion Belt":13,"Lantern":17,"Tiny House":37,"Mango":47,"Ginger":28,"Orichalcum":89,"Ancient Tea Set":8,"Blood Vial":57,"Peace Pipe":71,"OrangePellets":8,"Centennial Puzzle":97,"Busted Crown":64,"Ornamental Fan":50,"Shuriken":123,"Gambling Chip":77,"PureWater":0}]},"card_choices":[{"not_picked":["Collect","EmptyMind"],"picked":"Consecrate","floor":1},{"not_picked":["Evaluate","EmptyBody"],"picked":"JustLucky","floor":2},{"not_picked":["Swivel","Protect","PathToVictory"],"picked":"SKIP","floor":6},{"not_picked":["Swivel","Protect","PathToVictory"],"picked":"SKIP","floor":6},{"not_picked":["Swivel","Protect","PathToVictory"],"picked":"SKIP","floor":6},{"not_picked":["FlurryOfBlows","Crescendo"],"picked":"FlyingSleeves","floor":7},{"not_picked":["Prostrate","DeceiveReality"],"picked":"ThirdEye","floor":10},{"not_picked":["FearNoEvil","Pray"],"picked":"CrushJoints","floor":12},{"not_picked":["Protect","Consecrate"],"picked":"WheelKick","floor":13},{"not_picked":["ConjureBlade","Ragnarok"],"picked":"Judgement","floor":16},{"not_picked":["JustLucky","Crescendo"],"picked":"EmptyFist","floor":17},{"not_picked":["BowlingBash","Crescendo","PathToVictory"],"picked":"SKIP","floor":18},{"not_picked":["Protect","FollowUp"],"picked":"CutThroughFate","floor":19},{"not_picked":["FlyingSleeves","WreathOfFlame","Prostrate"],"picked":"SKIP","floor":24},{"not_picked":["FlyingSleeves","WreathOfFlame","Prostrate"],"picked":"SKIP","floor":24},{"not_picked":["ClearTheMind","MasterReality"],"picked":"Evaluate+1","floor":25},{"not_picked":["EmptyBody","Prostrate"],"picked":"Crescendo","floor":27},{"not_picked":["Protect","EmptyBody"],"picked":"CutThroughFate","floor":28},{"not_picked":["Establishment","Brilliance"],"picked":"Vault","floor":33},{"not_picked":[],"picked":"Adaptation+1","floor":35},{"not_picked":[],"picked":"Evaluate+1","floor":36},{"not_picked":["BowlingBash"],"picked":"SKIP","floor":37},{"not_picked":["JustLucky"],"picked":"SKIP","floor":39},{"not_picked":["EmptyFist+1"],"picked":"SKIP","floor":40},{"not_picked":["ClearTheMind"],"picked":"SKIP","floor":42},{"not_picked":[],"picked":"Vault","floor":45},{"not_picked":[],"picked":"CutThroughFate+1","floor":47},{"not_picked":["FollowUp"],"picked":"SKIP","floor":55}],"player_experience":6911955,"relics_obtained":[{"floor":6,"key":"Potion Belt"},{"floor":9,"key":"Lantern"},{"floor":12,"key":"Ginger"},{"floor":24,"key":"Mango"},{"floor":26,"key":"Ornamental Fan"},{"floor":28,"key":"Blood Vial"},{"floor":36,"key":"Peace Pipe"},{"floor":38,"key":"Gambling Chip"},{"floor":45,"key":"Orichalcum"},{"floor":55,"key":"Shuriken"}],"event_choices":[{"damage_healed":0,"gold_gain":0,"player_choice":"Ignored","damage_taken":0,"max_hp_gain":0,"max_hp_loss":0,"event_name":"Liars Game","floor":4,"gold_loss":0},{"damage_healed":0,"gold_gain":0,"player_choice":"Gave Potion","damage_taken":0,"relics_obtained":["Ancient Tea Set"],"max_hp_gain":0,"max_hp_loss":0,"event_name":"WeMeetAgain","floor":5,"gold_loss":0},{"damage_healed":0,"gold_gain":0,"player_choice":"Got Potions","damage_taken":0,"max_hp_gain":0,"max_hp_loss":0,"event_name":"Lab","floor":14,"gold_loss":0},{"damage_healed":0,"gold_gain":0,"player_choice":"Ignored","damage_taken":0,"max_hp_gain":0,"max_hp_loss":0,"event_name":"Ghosts","floor":20,"gold_loss":0},{"damage_healed":0,"gold_gain":0,"player_choice":"Ignored","damage_taken":0,"max_hp_gain":0,"max_hp_loss":0,"event_name":"The Mausoleum","floor":21,"gold_loss":0},{"damage_healed":0,"gold_gain":0,"cards_transformed":["Strike_P","Defend_P"],"player_choice":"Became Test Subject","damage_taken":0,"max_hp_gain":0,"max_hp_loss":0,"event_name":"Drug Dealer","floor":30,"gold_loss":0,"cards_obtained":["Blasphemy","Fasting2"]},{"damage_healed":0,"gold_gain":0,"player_choice":"Fight","damage_taken":0,"max_hp_gain":0,"max_hp_loss":0,"event_name":"MindBloom","floor":36,"gold_loss":0},{"cards_removed":["Blasphemy"],"damage_healed":0,"gold_gain":0,"player_choice":"Removed Skill","damage_taken":0,"max_hp_gain":0,"max_hp_loss":0,"event_name":"Falling","floor":46,"gold_loss":0}],"is_beta":false,"boss_relics":[{"not_picked":["Sozu","Ectoplasm"],"picked":"Tiny House"},{"not_picked":["Black Star","Empty Cage"],"picked":"Busted Crown"}],"items_purged_floors":[22,31],"is_endless":false,"potions_floor_spawned":[1,10,12,19,24,25,35,37,45,47],"ascension_level":20,"potion_discard_per_floor":[[],[],[],[],[],[],[],[],[],[],[],[],[],[],[],[],[],[],[],[],[],[],[],[],[],[],[],[],[],[],[],[],[],[],[],[],["Fire Potion"],[],[],[],[],[],[],[],[],[],[],[],[],[],[],[],[],[],[],[],[]]}