{"gold_per_floor":[110,120,120,132,147,147,474,491,491,516,516,516,546,560,560,634,634,609,627,627,627,104,137,37,67,67,84,84,134,162,176,176,247,247,260,260,271,284,36,67,87,119,119,139,139,139,166,192,192,192,192,192,192,9,34,34],"floor_reached":57,"playtime":5748,"items_purged":["Strike_P","Strike_P"],"score":3025,"play_id":"6145e040-4cef-4ad8-ab6c-0234913465c4","local_time":"20220514155941","is_ascension_mode":true,"campfire_choices":[{"data":"SandsOfTime","floor":6,"key":"SMITH"},{"data":"CrushJoints","floor":12,"key":"SMITH"},{"data":"SandsOfTime","floor":15,"key":"SMITH"},{"data":"Omniscience","floor":32,"key":"SMITH"},{"floor":46,"key":"RECALL"},{"floor":49,"key":"REST"},{"floor":53,"key":"REST"}],"neow_cost":"TEN_PERCENT_HP_LOSS","seed_source_timestamp":22474852518600,"shop_contents":[{"floor":22,"relics":["Singing Bowl","HandDrill"],"cards":["Consecrate","Conclude","Perseverance","Evaluate","BattleHymn","Swift Strike","HandOfGreed"],"potions":["Explosive Potion","FearPotion"]},{"floor":24,"relics":["Unceasing Top","Blue Candle","Strange Spoon"],"cards":["TalkToTheHand","FlyingSleeves","Protect","Evaluate","BattleHymn","Blind","Chrysalis"],"potions":["SkillPotion","Fire Potion","SmokeBomb"]},{"floor":39,"relics":["Bird Faced Urn","Shuriken"],"cards":["EmptyFist","FlyingSleeves","Perseverance","Wireheading","Discovery","Chrysalis"],"potions":["SteroidPotion","BlessingOfTheForge","Dexterity Potion"]},{"floor":54,"relics":["Yang","HornCleat","Melange"],"cards":["SignatureMove","SandsOfTime","SpiritShield","Crescendo","Devotion","Sadistic Nature"],"potions":["CultistPotion","DistilledChaos"]}],"circlet_count":0,"master_deck":["AscendersBane","Eruption+1","Vigilance+1","ThirdEye+1","Wireheading+1","BowlingBash+1","SandsOfTime+1","CrushJoints+1","SandsOfTime+1","MentalFortress+1","Vengeance+1","Swivel+1","LessonLearned+1","Omniscience+1","SashWhip+1","SandsOfTime+1","MentalFortress+1","Consecrate+1","ClearTheMind+1","DeceiveReality+1","CarveReality+1","ThirdEye+1","DeusExMachina+1","CutThroughFate+1","Evaluate+1","EmptyMind+1","Prostrate+1","Prostrate+1","CutThroughFate+1","Nirvana+1","PanicButton+1","JustLucky"],"potion_use_per_floor":[[],[],[],[],[],[],["Energy Potion"],[],[],[],[],[],["LiquidMemories"],[],[],[],[],["DistilledChaos"],[],[],[],[],["Ambrosia"],[],[],[],[],[],[],["Energy Potion"],[],[],["CultistPotion"],[],[],[],["SkillPotion"],["SteroidPotion"],[],[],[],[],[],[],[],[],[],[],[],[],[],[],[],[],[],["SpeedPotion","DuplicationPotion"],[]],"relics":["PureWater","Pocketwatch","Old Coin","Meat on the Bone","WingedGreaves","Darkstone Periapt","Astrolabe","Lizard Tail","Letter Opener","MealTicket","Lantern","Torii","Fusion Hammer","ClockworkSouvenir","Bottled Tornado","Eternal Feather","GoldenEye","Whetstone","Bag of Preparation"],"potions_floor_usage":[7,13,18,23,30,33,37,38,56,56],"damage_taken":[{"damage":7,"enemies":"Jaw Worm","floor":1,"turns":2},{"damage":0,"enemies":"2 Louse","floor":2,"turns":4},{"damage":0,"enemies":"Cultist","floor":4,"turns":2},{"damage":6,"enemies":"Large Slime","floor":5,"turns":7},{"damage":2,"enemies":"3 Sentries","floor":7,"turns":5},{"damage":6,"enemies":"Exordium Wildlife","floor":8,"turns":4},{"damage":5,"enemies":"Lagavulin","floor":10,"turns":5},{"damage":0,"enemies":"Gremlin Nob","floor":13,"turns":3},{"damage":6,"enemies":"Exordium Thugs","floor":14,"turns":3},{"damage":16,"enemies":"Hexaghost","floor":16,"turns":6},{"damage":17,"enemies":"2 Thieves","floor":18,"turns":4},{"damage":6,"enemies":"Spheric Guardian","floor":19,"turns":3},{"damage":0,"enemies":"Gremlin Leader","floor":23,"turns":1},{"damage":27,"enemies":"Slavers","floor":25,"turns":4},{"damage":16,"enemies":"Centurion and Healer","floor":27,"turns":3},{"damage":5,"enemies":"Gremlin Leader","floor":30,"turns":4},{"damage":15,"enemies":"Snake Plant","floor":31,"turns":2},{"damage":16,"enemies":"Automaton","floor":33,"turns":6},{"damage":1,"enemies":"3 Shapes","floor":35,"turns":3},{"damage":0,"enemies":"Orb Walker","floor":37,"turns":1},{"damage":0,"enemies":"Spire Growth","floor":38,"turns":2},{"damage":8,"enemies":"Nemesis","floor":40,"turns":7},{"damage":0,"enemies":"Writhing Mass","floor":41,"turns":6},{"damage":1,"enemies":"Giant Head","floor":42,"turns":7},{"damage":26,"enemies":"4 Shapes","floor":44,"turns":8},{"damage":1,"enemies":"Nemesis","floor":47,"turns":7},{"damage":0,"enemies":"Giant Head","floor":48,"turns":5},{"damage":12,"enemies":"Time Eater","floor":50,"turns":9},{"damage":6,"enemies":"Donu and Deca","floor":51,"turns":9},{"damage":10,"enemies":"Shield and Spear","floor":55,"turns":6},{"damage":22,"enemies":"The Heart","floor":56,"turns":11}],"seed_played":"6089626038024760281","neow_bonus_log":{"cardsObtained":[],"cardsUpgraded":[],"cardsRemoved":[],"cardsTransformed":[],"relicsObtained":["Pocketwatch"],"maxHpGained":0,"goldGained":0,"damageTaken":0,"goldLost":0,"maxHpLost":6},"potions_obtained":[{"floor":2,"key":"Energy Potion"},{"floor":8,"key":"LiquidMemories"},{"floor":13,"key":"CultistPotion"},{"floor":14,"key":"Dexterity Potion"},{"floor":16,"key":"DistilledChaos"},{"floor":27,"key":"Energy Potion"},{"floor":31,"key":"SteroidPotion"},{"floor":33,"key":"SkillPotion"},{"floor":38,"key":"BottledMiracle"},{"floor":40,"key":"Explosive Potion"},{"floor":42,"key":"SpeedPotion"}],"is_trial":false,"path_per_floor":["M","M","?","M","M","R","E","M","T","E","?","R","E","M","R","B",null,"M","M","?","?","$","E","$","E","T","M","?","?","E","M","R","B",null,"M","?","M","M","$","E","M","E","T","M","?","R","E","E","R","B","B",null,"R","$","E","B",null],"character_chosen":"WATCHER","items_purchased":["Lizard Tail","Ambrosia","EmptyMind","ClockworkSouvenir","DuplicationPotion","PanicButton"],"campfire_rested":2,"item_purchase_floors":[22,22,39,39,54,54],"current_hp_per_floor":[54,54,54,54,48,48,46,40,40,35,35,35,35,41,41,37,56,39,33,33,16,16,28,28,13,13,45,45,45,40,37,37,33,59,58,58,58,58,67,59,59,58,58,44,44,59,58,58,64,52,46,60,64,64,54,44],"gold":34,"neow_bonus":"ONE_RARE_RELIC","is_prod":false,"is_daily":false,"rewards_skipped":[],"chose_seed":false,"campfire_upgraded":4,"win_rate":0,"floor_exit_playtime":[105,167,172,217,366,376,518,631,638,775,800,811,1003,1101,1119,1291,1529,1653,1707,1714,1723,1760,1824,1850,2050,2069,2176,2192,2207,2347,2398,2417,2661,2733,2858,2885,2923,2986,3007,3236,3462,3674,3690,3878,3891,3896,4033,4188,4194,4503,4826,4851,4856,4910,5164,5748],"timestamp":1652558381,"blue_key_relic_skipped_log":{"floor":43,"relicID":"Incense Burner"},"path_taken":["M","M","?","M","M","R","E","M","T","E","?","R","E","?","R","BOSS","M","M","?","?","$","E","?","E","T","?","?","?","E","M","R","BOSS","M","?","?","M","$","E","M","E","T","M","?","R","E","E","R","BOSS","BOSS","R","$","E","BOSS"],"build_version":"2022-03-07","purchased_purges":2,"victory":true,"max_hp_per_floor":[62,62,62,62,62,62,62,62,62,62,62,62,62,62,62,62,62,62,62,62,67,67,67,67,67,67,67,67,67,67,67,67,67,67,67,67,67,67,67,67,67,67,67,67,64,64,64,64,64,64,64,64,64,64,64,64],"relic_stats":{"Darkstone Periapt":0,"Torii":15,"counters":[31,149],"Astrolabe":["SashWhip","SandsOfTime","MentalFortress"],"Eternal Feather":25,"Bag of Preparation":[2],"Letter Opener":[347],"Whetstone":["Eruption"],"Bottled Tornado":"Wireheading","GoldenEye":[133],"Lizard Tail":33,"MealTicket":9,"WingedGreaves":3,"PureWater":[26],"obtain_stats":[{"Darkstone Periapt":13,"Lantern":26,"Torii":30,"Astrolabe":17,"Eternal Feather":42,"Bag of Preparation":55,"Letter Opener":23,"Whetstone":48,"Bottled Tornado":40,"GoldenEye":47,"Old Coin":7,"ClockworkSouvenir":39,"Lizard Tail":22,"MealTicket":25,"WingedGreaves":10,"Fusion Hammer":34,"PureWater":0,"Pocketwatch":0,"Meat on the Bone":9},{"Darkstone Periapt":8,"Lantern":14,"Torii":16,"Astrolabe":10,"Eternal Feather":24,"Bag of Preparation":30,"Letter Opener":13,"Whetstone":27,"Bottled Tornado":22,"GoldenEye":26,"Old Coin":5,"ClockworkSouvenir":21,"Lizard Tail":12,"MealTicket":14,"WingedGreaves":7,"Fusion Hammer":18,"PureWater":0,"Pocketwatch":0,"Meat on the Bone":6},{"Darkstone Periapt":32,"Lantern":53,"Torii":60,"Astrolabe":41,"Eternal Feather":94,"Bag of Preparation":138,"Letter Opener":49,"Whetstone":114,"Bottled Tornado":81,"GoldenEye":109,"Old Coin":20,"ClockworkSouvenir":74,"Lizard Tail":48,"MealTicket":53,"WingedGreaves":29,"Fusion Hammer":68,"PureWater":0,"Pocketwatch":0,"Meat on the Bone":24}],"Pocketwatch":[126],"Meat on the Bone":108},"card_choices":[{"not_picked":["Consecrate","Evaluate"],"picked":"ThirdEye","floor":1},{"not_picked":["FlurryOfBlows","EmptyBody"],"picked":"Wireheading","floor":2},{"not_picked":["Prostrate","ThirdEye"],"picked":"BowlingBash","floor":4},{"not_picked":["Evaluate","Wireheading"],"picked":"SandsOfTime","floor":5},{"not_picked":["FlyingSleeves","Consecrate"],"picked":"CrushJoints","floor":7},{"not_picked":["Protect","SignatureMove"],"picked":"SandsOfTime","floor":8},{"not_picked":["ThirdEye","SashWhip"],"picked":"MentalFortress","floor":10},{"not_picked":["WaveOfTheHand","EmptyMind"],"picked":"Swivel","floor":13},{"not_picked":["CrushJoints","Swivel"],"picked":"LessonLearned","floor":14},{"not_picked":["Ragnarok","Brilliance"],"picked":"Omniscience","floor":16},{"not_picked":["FlyingSleeves","BattleHymn"],"picked":"Consecrate+1","floor":18},{"not_picked":["DeceiveReality","Wireheading+1"],"picked":"ClearTheMind","floor":19},{"not_picked":["BowlingBash","WreathOfFlame","PathToVictory"],"picked":"SKIP","floor":23},{"not_picked":["Evaluate","SashWhip","Indignation"],"picked":"SKIP","floor":25},{"not_picked":["Evaluate","FlyingSleeves"],"picked":"DeceiveReality+1","floor":27},{"not_picked":["Perseverance","Crescendo"],"picked":"DeusExMachina","floor":30},{"not_picked":["PathToVictory","Fasting2","Sanctity"],"picked":"SKIP","floor":31},{"not_picked":["WaveOfTheHand+1","Evaluate"],"picked":"CutThroughFate","floor":35},{"not_picked":["Crescendo","ThirdEye"],"picked":"Evaluate+1","floor":37},{"not_picked":["Indignation","ForeignInfluence","SashWhip+1"],"picked":"SKIP","floor":38},{"not_picked":["Brilliance","BattleHymn","Evaluate"],"picked":"SKIP","floor":40},{"not_picked":["Collect+1","BattleHymn+1"],"picked":"Prostrate+1","floor":41},{"not_picked":["Tantrum","SashWhip+1"],"picked":"Prostrate","floor":42},{"not_picked":["EmptyMind","Weave","Evaluate+1"],"picked":"SKIP","floor":44},{"not_picked":["EmptyBody","Study"],"picked":"CutThroughFate+1","floor":47},{"not_picked":["WheelKick","Conclude+1"],"picked":"Nirvana","floor":48},{"not_picked":["Evaluate","CarveReality+1"],"picked":"JustLucky","floor":55}],"player_experience":6942008,"relics_obtained":[{"floor":7,"key":"Old Coin"},{"floor":9,"key":"Meat on the Bone"},{"floor":10,"key":"WingedGreaves"},{"floor":13,"key":"Darkstone Periapt"},{"floor":23,"key":"Letter Opener"},{"floor":25,"key":"MealTicket"},{"floor":26,"key":"Lantern"},{"floor":30,"key":"Torii"},{"floor":40,"key":"Bottled Tornado"},{"floor":42,"key":"Eternal Feather"},{"floor":47,"key":"GoldenEye"},{"floor":48,"key":"Whetstone"},{"floor":55,"key":"Bag of Preparation"}],"event_choices":[{"damage_healed":0,"gold_gain":0,"player_choice":"Ignored","damage_taken":0,"max_hp_gain":0,"max_hp_loss":0,"event_name":"Liars Game","floor":3,"gold_loss":0},{"damage_healed":0,"gold_gain":0,"cards_transformed":["Defend_P"],"player_choice":"Transformed","damage_taken":0,"max_hp_gain":0,"max_hp_loss":0,"event_name":"Transmorgrifier","floor":11,"gold_loss":0,"cards_obtained":["Vengeance"]},{"damage_healed":0,"gold_gain":0,"player_choice":"Ignored","damage_taken":0,"max_hp_gain":0,"max_hp_loss":0,"event_name":"Vampires","floor":20,"gold_loss":0},{"damage_healed":0,"gold_gain":0,"player_choice":"Shed Blood","damage_taken":22,"max_hp_gain":5,"max_hp_loss":0,"event_name":"Forgotten Altar","floor":21,"gold_loss":0},{"damage_healed":0,"gold_gain":0,"cards_transformed":["Strike_P","Defend_P"],"player_choice":"Became Test Subject","damage_taken":0,"max_hp_gain":0,"max_hp_loss":0,"event_name":"Drug Dealer","floor":28,"gold_loss":0,"cards_obtained":["CarveReality","ThirdEye"]},{"damage_healed":0,"gold_gain":50,"player_choice":"Stole From Cult","damage_taken":0,"max_hp_gain":0,"max_hp_loss":0,"event_name":"Nest","floor":29,"gold_loss":0},{"damage_healed":0,"gold_gain":0,"player_choice":"0 cards matched","damage_taken":0,"max_hp_gain":0,"max_hp_loss":0,"event_name":"Match and Keep!","floor":36,"gold_loss":0,"cards_obtained":[]},{"damage_healed":0,"gold_gain":0,"player_choice":"Max HP","damage_taken":0,"max_hp_gain":0,"max_hp_loss":3,"event_name":"Winding Halls","floor":45,"gold_loss":0}],"is_beta":false,"boss_relics":[{"not_picked":["Tiny House","Runic Pyramid"],"picked":"Astrolabe"},{"not_picked":["Black Star","Busted Crown"],"picked":"Fusion Hammer"}],"items_purged_floors":[22,24],"is_endless":false,"potions_floor_spawned":[2,8,13,14,16,27,31,33,38,40,42],"ascension_level":20,"potion_discard_per_floor":[[],[],[],[],[],[],[],[],[],[],[],[],[],[],[],["Dexterity Potion"],[],[],[],[],[],[],[],[],[],[],[],[],[],[],[],[],[],[],[],[],[],[],[],[],[],["Explosive Potion"],[],[],[],[],[],[],[],[],[],[],[],["BottledMiracle"],[],[],[]]}