{"gold_per_floor":[113,127,43,58,0,34,34,66,89,102,135,135,160,175,175,249,249,265,265,299,318,74,74,109,128,128,28,39,39,68,85,85,162,162,176,176,451,150,185,247,289,347,371,389,448,373,433,477,477,477,507,507,507,35,66,66],"floor_reached":57,"playtime":6727,"items_purged":["Defend_P","Strike_P","Regret","Strike_P+1","LessonLearned+1"],"score":3105,"play_id":"230d4ad1-ce84-4c85-b946-74223b1701be","local_time":"20220521154952","is_ascension_mode":true,"campfire_choices":[{"data":"Eruption","floor":7,"key":"SMITH"},{"data":"Wallop","floor":12,"key":"SMITH"},{"data":"Wireheading","floor":15,"key":"SMITH"},{"data":"Scrawl","floor":23,"key":"SMITH"},{"data":"Meditate","floor":32,"key":"SMITH"},{"floor":49,"key":"RECALL"},{"floor":53,"key":"REST"}],"neow_cost":"NONE","seed_source_timestamp":625690599204900,"shop_contents":[{"floor":3,"relics":["CeramicFish","Mercury Hourglass","Lee\u0027s Waffle"],"cards":["FollowUp","PathToVictory","Prostrate","MentalFortress","Dramatic Entrance","Metamorphosis"],"potions":["DuplicationPotion","SkillPotion","Dexterity Potion"]},{"floor":22,"relics":["HornCleat","Toolbox"],"cards":["FlyingSleeves","SandsOfTime","Judgement","Crescendo","Fasting2","Flash of Steel","Thinking Ahead"],"potions":["DuplicationPotion","SkillPotion","Weak Potion"]},{"floor":27,"relics":["Whetstone","War Paint","PrismaticShard"],"cards":["FearNoEvil","Conclude","Crescendo","EmptyBody","Fasting2","Impatience","Secret Weapon"],"potions":["AttackPotion","Ancient Potion","Fruit Juice"]},{"floor":38,"relics":["MealTicket","Meat on the Bone"],"cards":["SignatureMove","JustLucky","Swivel","ForeignInfluence","Jack Of All Trades","Thinking Ahead"],"potions":["CultistPotion","Fire Potion","Weak Potion"]},{"floor":46,"relics":["Akabeko","Bottled Flame","Chemical X"],"cards":["FlyingSleeves","Brilliance","Vengeance","Sanctity","Nirvana","Impatience","Mayhem"],"potions":["AttackPotion","AttackPotion","FearPotion"]},{"floor":54,"relics":[],"cards":["LessonLearned","SashWhip","WreathOfFlame","Collect","MentalFortress","Enlightenment","Chrysalis"],"potions":["Explosive Potion"]}],"circlet_count":0,"master_deck":["AscendersBane","Strike_P+1","Strike_P+1","Defend_P+1","Defend_P+1","Defend_P+1","Eruption+1","Vigilance+1","EmptyBody+1","TalkToTheHand+1","SandsOfTime+1","Scrawl+1","Consecrate+1","Wireheading+1","Wallop+1","Indignation+1","CutThroughFate+1","DeusExMachina+1","Adaptation+1","Meditate+1","Prostrate+1","CutThroughFate+1","Scrawl+1","Wallop+1","JustLucky+1","Wish+1","MasterReality+1","DevaForm+1","Prostrate+1","ClearTheMind+1","MentalFortress+1","WaveOfTheHand+1"],"potion_use_per_floor":[[],[],[],[],[],[],[],["Block Potion"],[],[],["ColorlessPotion"],[],["FearPotion"],[],[],[],[],[],[],[],[],[],[],["AttackPotion"],["StancePotion"],[],[],[],[],["Block Potion"],[],[],[],[],[],[],[],[],[],[],[],["Swift Potion"],[],[],[],[],["BottledMiracle"],[],[],[],[],[],[],[],["ColorlessPotion"],["Fruit Juice","ColorlessPotion","Block Potion"],[]],"relics":["PureWater","Pen Nib","Art of War","Happy Flower","Orichalcum","StoneCalendar","Vajra","Runic Pyramid","Red Mask","Potion Belt","Dead Branch","Letter Opener","Philosopher\u0027s Stone","Membership Card","Strawberry","Ornamental Fan","Damaru","Toy Ornithopter","Bottled Tornado","Thread and Needle","Medical Kit","Boot","Blood Vial"],"potions_floor_usage":[8,11,13,24,25,30,42,47,55,56,56,56],"damage_taken":[{"damage":0,"enemies":"2 Louse","floor":1,"turns":2},{"damage":6,"enemies":"Small Slimes","floor":2,"turns":5},{"damage":0,"enemies":"Cultist","floor":4,"turns":3},{"damage":0,"enemies":"Lagavulin","floor":6,"turns":4},{"damage":0,"enemies":"Gremlin Nob","floor":8,"turns":3},{"damage":0,"enemies":"Red Slaver","floor":10,"turns":2},{"damage":10,"enemies":"3 Sentries","floor":11,"turns":8},{"damage":0,"enemies":"Lagavulin","floor":13,"turns":5},{"damage":2,"enemies":"Looter","floor":14,"turns":4},{"damage":4,"enemies":"The Guardian","floor":16,"turns":8},{"damage":0,"enemies":"Chosen","floor":18,"turns":2},{"damage":5,"enemies":"Masked Bandits","floor":20,"turns":3},{"damage":0,"enemies":"3 Byrds","floor":21,"turns":4},{"damage":12,"enemies":"Slavers","floor":24,"turns":2},{"damage":0,"enemies":"Snake Plant","floor":25,"turns":2},{"damage":0,"enemies":"Snecko","floor":28,"turns":2},{"damage":2,"enemies":"Gremlin Leader","floor":30,"turns":4},{"damage":0,"enemies":"Chosen and Byrds","floor":31,"turns":3},{"damage":7,"enemies":"Automaton","floor":33,"turns":8},{"damage":0,"enemies":"Orb Walker","floor":35,"turns":3},{"damage":0,"enemies":"3 Shapes","floor":39,"turns":6},{"damage":6,"enemies":"Reptomancer","floor":40,"turns":3},{"damage":0,"enemies":"Writhing Mass","floor":41,"turns":7},{"damage":15,"enemies":"Nemesis","floor":42,"turns":9},{"damage":0,"enemies":"4 Shapes","floor":44,"turns":3},{"damage":0,"enemies":"Giant Head","floor":45,"turns":4},{"damage":0,"enemies":"Reptomancer","floor":47,"turns":4},{"damage":0,"enemies":"Spire Growth","floor":48,"turns":4},{"damage":8,"enemies":"Time Eater","floor":50,"turns":5},{"damage":1,"enemies":"Awakened One","floor":51,"turns":9},{"damage":24,"enemies":"Shield and Spear","floor":55,"turns":5},{"damage":47,"enemies":"The Heart","floor":56,"turns":7}],"seed_played":"7600387788776187126","neow_bonus_log":{"cardsObtained":[],"cardsUpgraded":[],"cardsRemoved":[],"cardsTransformed":[],"relicsObtained":["Pen Nib"],"maxHpGained":0,"goldGained":0,"damageTaken":0,"goldLost":0,"maxHpLost":0},"potions_obtained":[{"floor":4,"key":"FearPotion"},{"floor":6,"key":"Block Potion"},{"floor":8,"key":"Dexterity Potion"},{"floor":10,"key":"ColorlessPotion"},{"floor":11,"key":"AttackPotion"},{"floor":16,"key":"StancePotion"},{"floor":24,"key":"BottledMiracle"},{"floor":25,"key":"Block Potion"},{"floor":35,"key":"BlessingOfTheForge"},{"floor":39,"key":"Swift Potion"},{"floor":44,"key":"ColorlessPotion"},{"floor":45,"key":"FearPotion"},{"floor":55,"key":"Fruit Juice"}],"is_trial":false,"path_per_floor":["M","M","$","M","?","E","R","E","T","M","E","R","E","M","R","B",null,"M","?","?","M","$","R","E","M","T","$","M","?","E","M","R","B",null,"M","?","?","$","M","E","M","E","T","M","E","$","E","M","R","B","B",null,"R","$","E","B",null],"character_chosen":"WATCHER","items_purchased":["SandsOfTime","Potion Belt","Membership Card","MasterReality","Thread and Needle","Medical Kit","Block Potion","ColorlessPotion","Boot"],"campfire_rested":1,"item_purchase_floors":[3,22,38,38,54,54,54,54,54],"current_hp_per_floor":[61,55,55,55,55,55,55,55,55,55,45,45,45,43,43,39,61,61,61,56,56,56,56,44,44,44,44,44,44,42,42,42,35,60,60,60,60,60,60,61,61,46,46,46,46,46,51,51,51,43,42,65,72,72,48,23],"gold":66,"neow_bonus":"RANDOM_COMMON_RELIC","is_prod":false,"is_daily":false,"rewards_skipped":[{"floor":18,"relics":[],"potions":["BlessingOfTheForge"]}],"chose_seed":false,"campfire_upgraded":5,"win_rate":0,"floor_exit_playtime":[342,426,533,615,631,728,738,869,884,1002,1203,1217,1438,1541,1549,1772,1948,2009,2086,2216,2487,2555,2570,2702,2881,2887,2903,2979,3008,3161,3288,3297,3549,3628,3689,3705,3714,3784,4033,4155,4387,4757,4765,4848,5024,5131,5402,5525,5550,5738,6082,6105,6114,6165,6377,6727],"timestamp":1653162592,"blue_key_relic_skipped_log":{"floor":26,"relicID":"Dream Catcher"},"path_taken":["M","M","$","M","?","E","R","E","T","M","E","R","E","M","R","BOSS","M","?","?","M","$","R","E","M","T","$","M","?","E","M","R","BOSS","M","?","?","$","M","E","?","E","T","M","E","?","E","M","R","BOSS","BOSS","R","$","E","BOSS"],"build_version":"2022-03-07","purchased_purges":5,"victory":true,"max_hp_per_floor":[68,68,68,68,68,68,68,68,68,68,68,68,68,68,68,68,68,68,68,68,68,68,68,68,68,68,68,68,68,68,68,68,68,68,68,65,65,65,65,72,72,72,72,72,72,72,72,72,72,72,72,72,72,72,72,77],"relic_stats":{"Happy Flower":[42],"counters":[32,143],"Dead Branch":[152],"StoneCalendar":[156],"Pen Nib":[29],"Letter Opener":[316],"Orichalcum":[90],"Bottled Tornado":"DevaForm","Medical Kit":[4],"Boot":[1],"Blood Vial":2,"Ornamental Fan":[84],"Art of War":[18],"Membership Card":681,"PureWater":[30],"obtain_stats":[{"Potion Belt":22,"Happy Flower":8,"Dead Branch":24,"Vajra":13,"Damaru":43,"StoneCalendar":11,"Thread and Needle":54,"Pen Nib":0,"Letter Opener":30,"Orichalcum":9,"Bottled Tornado":47,"Medical Kit":54,"Boot":54,"Blood Vial":55,"Ornamental Fan":42,"Strawberry":40,"Philosopher\u0027s Stone":34,"Art of War":6,"Red Mask":20,"Membership Card":38,"PureWater":0,"Toy Ornithopter":45,"Runic Pyramid":17},{"Potion Belt":13,"Happy Flower":5,"Dead Branch":14,"Vajra":8,"Damaru":24,"StoneCalendar":7,"Thread and Needle":30,"Pen Nib":0,"Letter Opener":17,"Orichalcum":5,"Bottled Tornado":27,"Medical Kit":30,"Boot":30,"Blood Vial":31,"Ornamental Fan":24,"Strawberry":22,"Philosopher\u0027s Stone":19,"Art of War":4,"Red Mask":12,"Membership Card":20,"PureWater":0,"Toy Ornithopter":26,"Runic Pyramid":10},{"Potion Belt":53,"Happy Flower":17,"Dead Branch":55,"Vajra":32,"Damaru":102,"StoneCalendar":27,"Thread and Needle":131,"Pen Nib":0,"Letter Opener":63,"Orichalcum":17,"Bottled Tornado":113,"Medical Kit":131,"Boot":131,"Blood Vial":136,"Ornamental Fan":102,"Strawberry":86,"Philosopher\u0027s Stone":74,"Art of War":14,"Red Mask":49,"Membership Card":77,"PureWater":0,"Toy Ornithopter":109,"Runic Pyramid":44}],"Toy Ornithopter":20},"card_choices":[{"not_picked":["Evaluate","Collect"],"picked":"EmptyBody","floor":1},{"not_picked":["Evaluate","Collect"],"picked":"TalkToTheHand","floor":2},{"not_picked":["FlurryOfBlows","ThirdEye"],"picked":"Scrawl","floor":4},{"not_picked":["FlurryOfBlows","Swivel"],"picked":"LessonLearned","floor":6},{"not_picked":["EmptyFist","ReachHeaven"],"picked":"Consecrate","floor":8},{"not_picked":["CrushJoints","LikeWater"],"picked":"Wireheading","floor":10},{"not_picked":["TalkToTheHand","Perseverance"],"picked":"Wallop","floor":11},{"not_picked":["LessonLearned","Adaptation"],"picked":"Indignation","floor":13},{"not_picked":["Protect","ThirdEye"],"picked":"CutThroughFate","floor":14},{"not_picked":["LessonLearned","Blasphemy"],"picked":"DeusExMachina","floor":16},{"not_picked":["ClearTheMind","SashWhip"],"picked":"Adaptation","floor":18},{"not_picked":["Weave","Indignation","SandsOfTime","Halt","ThirdEye","Evaluate","EmptyFist","WreathOfFlame","JustLucky","BowlingBash","Protect","InnerPeace","FlyingSleeves","CrushJoints","CutThroughFate","Crescendo","ClearTheMind","TalkToTheHand","Consecrate"],"picked":"Meditate","floor":19},{"not_picked":["Conclude","EmptyMind"],"picked":"Prostrate","floor":20},{"not_picked":["Consecrate","Protect+1","SandsOfTime"],"picked":"SKIP","floor":21},{"not_picked":["Consecrate","Protect+1","SandsOfTime"],"picked":"SKIP","floor":21},{"not_picked":["Protect","ClearTheMind","SashWhip"],"picked":"SKIP","floor":24},{"not_picked":["BowlingBash","LessonLearned"],"picked":"CutThroughFate","floor":25},{"not_picked":["FollowUp","SashWhip"],"picked":"Scrawl","floor":28},{"not_picked":["SandsOfTime","Indignation"],"picked":"Wallop+1","floor":30},{"not_picked":["SashWhip","Nirvana+1"],"picked":"JustLucky+1","floor":31},{"not_picked":["LessonLearned","ConjureBlade"],"picked":"Wish","floor":33},{"not_picked":["JustLucky","EmptyFist","Crescendo"],"picked":"SKIP","floor":35},{"not_picked":["Consecrate","ThirdEye","PathToVictory"],"picked":"SKIP","floor":39},{"not_picked":["Consecrate","ThirdEye","PathToVictory"],"picked":"SKIP","floor":39},{"not_picked":["Collect","Consecrate+1","PathToVictory"],"picked":"SKIP","floor":40},{"not_picked":["PathToVictory","FlurryOfBlows"],"picked":"DevaForm","floor":41},{"not_picked":["Evaluate+1","Study","Brilliance"],"picked":"SKIP","floor":42},{"not_picked":["BowlingBash+1","SashWhip+1"],"picked":"Prostrate","floor":44},{"not_picked":["CarveReality","Tantrum"],"picked":"ClearTheMind+1","floor":45},{"not_picked":["CutThroughFate","PathToVictory+1"],"picked":"MentalFortress","floor":47},{"not_picked":["EmptyBody","CrushJoints+1"],"picked":"WaveOfTheHand+1","floor":48},{"not_picked":["ThirdEye","WaveOfTheHand","ForeignInfluence"],"picked":"SKIP","floor":55}],"player_experience":6999148,"relics_obtained":[{"floor":6,"key":"Art of War"},{"floor":8,"key":"Happy Flower"},{"floor":9,"key":"Orichalcum"},{"floor":11,"key":"StoneCalendar"},{"floor":13,"key":"Vajra"},{"floor":20,"key":"Red Mask"},{"floor":24,"key":"Dead Branch"},{"floor":30,"key":"Letter Opener"},{"floor":40,"key":"Strawberry"},{"floor":42,"key":"Ornamental Fan"},{"floor":43,"key":"Damaru"},{"floor":45,"key":"Toy Ornithopter"},{"floor":47,"key":"Bottled Tornado"},{"floor":55,"key":"Blood Vial"}],"event_choices":[{"damage_healed":0,"gold_gain":0,"player_choice":"Left Gold","damage_taken":0,"max_hp_gain":0,"max_hp_loss":0,"event_name":"World of Goop","floor":5,"gold_loss":58},{"damage_healed":0,"gold_gain":0,"player_choice":"Read","damage_taken":0,"max_hp_gain":0,"max_hp_loss":0,"event_name":"The Library","floor":19,"gold_loss":0,"cards_obtained":["Meditate"]},{"damage_healed":0,"gold_gain":0,"player_choice":"Fought Bandits","damage_taken":0,"max_hp_gain":0,"max_hp_loss":0,"event_name":"Masked Bandits","floor":20,"gold_loss":0},{"damage_healed":0,"gold_gain":0,"player_choice":"Ignored","damage_taken":0,"max_hp_gain":0,"max_hp_loss":0,"event_name":"Vampires","floor":29,"gold_loss":0},{"damage_healed":0,"gold_gain":0,"player_choice":"Max HP","damage_taken":0,"max_hp_gain":0,"max_hp_loss":3,"event_name":"Winding Halls","floor":36,"gold_loss":0},{"damage_healed":0,"gold_gain":275,"player_choice":"Desecrate","damage_taken":0,"max_hp_gain":0,"max_hp_loss":0,"event_name":"Golden Shrine","floor":37,"gold_loss":0,"cards_obtained":["Regret"]}],"is_beta":false,"boss_relics":[{"not_picked":["Cursed Key","Astrolabe"],"picked":"Runic Pyramid"},{"not_picked":["SacredBark","Tiny House"],"picked":"Philosopher\u0027s Stone"}],"items_purged_floors":[22,27,38,46,54],"is_endless":false,"potions_floor_spawned":[4,6,8,10,11,16,18,24,25,35,39,44,45,55],"ascension_level":20,"potion_discard_per_floor":[[],[],[],[],[],[],[],[],[],["Dexterity Potion"],[],[],[],[],[],[],[],[],[],[],[],[],[],[],[],[],[],[],[],[],[],[],[],[],[],[],[],[],[],[],[],[],[],[],[],[],[],[],[],[],[],[],[],["BlessingOfTheForge"],[],[],[]]}