{"neow_bonuses_skipped_log":["THREE_CARDS","RANDOM_COMMON_RELIC","TWO_FIFTY_GOLD"],"neow_costs_skipped_log":["NONE","NONE","CURSE"],"gold_per_floor":[114,133,133,151,151,151,183,183,232,332,352,379,308,335,335,406,406,426,250,261,186,196,231,231,131,131,131,141,141,241,268,268,345,345,364,364,364,1,20,20,20,53,53,88,100,116,131,160,160,160,160,160,160,40,68,68],"floor_reached":57,"playtime":4922,"items_purged":["Defend_P","Strike_P","Strike_P","Strike_P"],"score":3117,"play_id":"96f20743-98f7-42c2-8530-6c2deb0fedc9","local_time":"20220525180159","is_ascension_mode":true,"campfire_choices":[{"data":"Eruption","floor":6,"key":"SMITH"},{"floor":8,"key":"REST"},{"data":"SandsOfTime","floor":15,"key":"SMITH"},{"data":"Vault","floor":24,"key":"SMITH"},{"data":"PanicButton","floor":27,"key":"SMITH"},{"floor":32,"key":"REST"},{"data":"Apotheosis","floor":40,"key":"SMITH"},{"floor":49,"key":"RECALL"},{"floor":53,"key":"REST"}],"neow_cost":"NONE","seed_source_timestamp":981026151440300,"shop_contents":[{"floor":19,"relics":["CeramicFish","Blue Candle","Melange"],"cards":["SignatureMove","FlyingSleeves","Indignation","Swivel","Study","Violence"],"potions":["DuplicationPotion","BlessingOfTheForge","SteroidPotion"]},{"floor":25,"relics":["Mango","Torii","TheAbacus"],"cards":["FollowUp","SandsOfTime","Indignation","EmptyBody","Study","PanicButton","Metamorphosis"],"potions":["BlessingOfTheForge","LiquidBronze","BottledMiracle"]},{"floor":38,"relics":["PreservedInsect","Oddly Smooth Stone","PrismaticShard"],"cards":["Weave","FearNoEvil","WreathOfFlame","Protect","MentalFortress","Bandage Up","Mayhem"],"potions":["BlessingOfTheForge","DistilledChaos","ColorlessPotion"]},{"floor":54,"relics":["Akabeko","Eternal Feather","Sling"],"cards":["Consecrate+1","EmptyFist+1","Prostrate","Protect","BattleHymn+1","Good Instincts","Secret Weapon"],"potions":["ColorlessPotion","AttackPotion","LiquidBronze"]}],"circlet_count":0,"master_deck":["AscendersBane","Strike_P+1","Defend_P+1","Defend_P","Eruption+1","Vigilance","SandsOfTime+1","FollowUp","WheelKick","Vault+1","TalkToTheHand","Wireheading","Scrawl","Vengeance","PanicButton+1","CrushJoints+1","EmptyFist","InnerPeace+1","Wallop","TalkToTheHand","Omniscience","Devotion","WaveOfTheHand","Panacea","Vault+1","Apotheosis+1","Fasting2","Sanctity","ThirdEye","Halt+1","Wireheading+1","MentalFortress+1","EmptyMind","CutThroughFate+1","Prostrate","Devotion+1"],"potion_use_per_floor":[[],[],[],[],[],[],[],[],[],[],[],[],[],[],[],[],[],[],[],[],[],[],[],[],[],[],[],[],[],[],[],[],[],[],[],[],[],[],[],[],[],[],[],[],[],[],[],[],[],[],[],[],[],[],[],[],[]],"relics":["Sozu","Damaru","Ornamental Fan","Strawberry","SlaversCollar","Dream Catcher","Nunchaku","The Courier","Prayer Wheel","Bronze Scales","Runic Pyramid","White Beast Statue","Frozen Egg 2","Question Card","Molten Egg 2","InkBottle"],"potions_floor_usage":[],"damage_taken":[{"damage":9,"enemies":"2 Louse","floor":1,"turns":3},{"damage":2,"enemies":"Jaw Worm","floor":2,"turns":4},{"damage":0,"enemies":"Small Slimes","floor":4,"turns":3},{"damage":22,"enemies":"3 Sentries","floor":7,"turns":5},{"damage":0,"enemies":"Exordium Thugs","floor":11,"turns":3},{"damage":16,"enemies":"Gremlin Nob","floor":12,"turns":3},{"damage":3,"enemies":"3 Sentries","floor":14,"turns":4},{"damage":0,"enemies":"Slime Boss","floor":16,"turns":4},{"damage":0,"enemies":"Spheric Guardian","floor":18,"turns":2},{"damage":4,"enemies":"3 Byrds","floor":20,"turns":5},{"damage":3,"enemies":"Sentry and Sphere","floor":22,"turns":3},{"damage":14,"enemies":"Book of Stabbing","floor":23,"turns":4},{"damage":0,"enemies":"Chosen and Byrds","floor":28,"turns":5},{"damage":0,"enemies":"Colosseum Slavers","floor":30,"turns":3},{"damage":0,"enemies":"Colosseum Nobs","floor":30,"turns":4},{"damage":28,"enemies":"Slavers","floor":31,"turns":5},{"damage":2,"enemies":"Automaton","floor":33,"turns":8},{"damage":7,"enemies":"3 Shapes","floor":35,"turns":8},{"damage":0,"enemies":"3 Darklings","floor":39,"turns":5},{"damage":9,"enemies":"Reptomancer","floor":42,"turns":8},{"damage":0,"enemies":"Nemesis","floor":44,"turns":4},{"damage":0,"enemies":"Transient","floor":45,"turns":8},{"damage":0,"enemies":"Spire Growth","floor":46,"turns":4},{"damage":12,"enemies":"3 Darklings","floor":47,"turns":6},{"damage":0,"enemies":"Giant Head","floor":48,"turns":5},{"damage":22,"enemies":"Awakened One","floor":50,"turns":12},{"damage":0,"enemies":"Time Eater","floor":51,"turns":7},{"damage":0,"enemies":"Shield and Spear","floor":55,"turns":6},{"damage":20,"enemies":"The Heart","floor":56,"turns":9}],"seed_played":"-1278628027277551082","neow_bonus_log":{"cardsObtained":[],"cardsUpgraded":[],"cardsRemoved":[],"cardsTransformed":[],"relicsObtained":["Sozu"],"maxHpGained":0,"goldGained":0,"damageTaken":0,"goldLost":0,"maxHpLost":0},"potions_obtained":[],"is_trial":false,"path_per_floor":["M","M","?","M","?","R","E","R","T","?","M","E","?","E","R","B",null,"M","$","M","?","M","E","R","$","T","R","M","?","?","E","R","B",null,"M","?","?","$","M","R","?","E","T","E","M","M","M","E","R","B","B",null,"R","$","E","B",null],"character_chosen":"WATCHER","items_purchased":["PanicButton","Apotheosis","Fasting2","Sanctity"],"campfire_rested":3,"item_purchase_floors":[19,38,38,38],"current_hp_per_floor":[52,50,50,50,30,30,8,28,28,28,28,12,12,16,16,16,60,60,60,56,56,53,39,39,39,39,39,39,54,54,26,48,46,68,61,51,51,51,51,51,51,42,42,42,42,42,30,30,30,8,8,58,75,75,75,55],"gold":68,"neow_bonus":"BOSS_RELIC","is_prod":false,"is_daily":false,"rewards_skipped":[{"floor":2,"relics":[],"potions":["BlessingOfTheForge"]},{"floor":7,"relics":[],"potions":["SkillPotion"]},{"floor":14,"relics":[],"potions":["Strength Potion"]},{"floor":18,"relics":[],"potions":["Strength Potion"]},{"floor":22,"relics":[],"potions":["Fire Potion"]},{"floor":30,"relics":[],"potions":["Swift Potion"]},{"floor":31,"relics":[],"potions":["BottledMiracle"]},{"floor":33,"relics":[],"potions":["Weak Potion"]},{"floor":44,"relics":[],"potions":["Dexterity Potion"]},{"floor":45,"relics":[],"potions":["Dexterity Potion"]},{"floor":46,"relics":[],"potions":["FairyPotion"]},{"floor":47,"relics":[],"potions":["BlessingOfTheForge"]},{"floor":48,"relics":[],"potions":["Weak Potion"]},{"floor":55,"relics":[],"potions":["SkillPotion"]}],"chose_seed":false,"campfire_upgraded":5,"win_rate":0,"floor_exit_playtime":[127,179,184,224,233,241,368,382,397,415,473,523,532,692,703,771,886,976,1069,1179,1187,1348,1483,1509,1544,1549,1583,1684,1700,1854,1980,1991,2321,2400,2566,2620,2638,2689,2790,2799,2842,3112,3117,3176,3344,3443,3625,3739,3745,4068,4311,4334,4347,4402,4626,4922],"timestamp":1653516119,"blue_key_relic_skipped_log":{"floor":9,"relicID":"Toy Ornithopter"},"path_taken":["M","M","?","M","?","R","E","R","T","?","?","E","?","E","R","BOSS","M","$","M","?","M","E","R","$","T","R","M","?","?","E","R","BOSS","M","?","?","$","?","R","?","E","T","E","M","M","M","E","R","BOSS","BOSS","R","$","E","BOSS"],"build_version":"2022-03-07","purchased_purges":4,"victory":true,"max_hp_per_floor":[68,68,68,68,68,68,68,68,68,68,68,68,68,75,75,75,75,75,75,75,75,75,75,75,75,75,75,75,75,75,75,75,75,75,75,75,75,75,75,75,75,75,75,75,75,75,75,75,75,75,75,75,75,75,75,75],"relic_stats":{"Sozu":14,"Dream Catcher":2,"Nunchaku":[22],"counters":[29,150],"Ornamental Fan":[216],"Bronze Scales":[310],"Prayer Wheel":5,"The Courier":120,"Question Card":9,"obtain_stats":[{"Damaru":7,"The Courier":30,"Frozen Egg 2":43,"Question Card":44,"White Beast Statue":42,"Sozu":0,"SlaversCollar":17,"Dream Catcher":23,"Nunchaku":26,"Ornamental Fan":12,"Strawberry":14,"Bronze Scales":31,"Prayer Wheel":30,"Molten Egg 2":48,"PureWater":0,"InkBottle":55,"Runic Pyramid":34},{"Damaru":4,"The Courier":15,"Frozen Egg 2":20,"Question Card":21,"White Beast Statue":20,"Sozu":0,"SlaversCollar":8,"Dream Catcher":12,"Nunchaku":12,"Ornamental Fan":6,"Strawberry":7,"Bronze Scales":16,"Prayer Wheel":15,"Molten Egg 2":25,"PureWater":0,"InkBottle":28,"Runic Pyramid":17},{"Damaru":15,"The Courier":55,"Frozen Egg 2":89,"Question Card":93,"White Beast Statue":89,"Sozu":0,"SlaversCollar":29,"Dream Catcher":43,"Nunchaku":43,"Ornamental Fan":21,"Strawberry":25,"Bronze Scales":60,"Prayer Wheel":55,"Molten Egg 2":116,"PureWater":0,"InkBottle":141,"Runic Pyramid":68}],"White Beast Statue":[0.0,0.0,0.0,0.4,0.0,0.6000000000000001,0.0,0.0,0.0,0.0,0.0,3.572320000000001],"InkBottle":[5]},"card_choices":[{"not_picked":["FlurryOfBlows","JustLucky","Halt"],"picked":"SKIP","floor":1},{"not_picked":["FollowUp","EmptyFist"],"picked":"SandsOfTime","floor":2},{"not_picked":["ClearTheMind","FlyingSleeves"],"picked":"FollowUp","floor":4},{"not_picked":["ClearTheMind","FlyingSleeves"],"picked":"WheelKick","floor":7},{"not_picked":["Weave","BowlingBash"],"picked":"Vault","floor":11},{"not_picked":["LikeWater","ClearTheMind"],"picked":"TalkToTheHand","floor":12},{"not_picked":["Perseverance","Crescendo"],"picked":"Wireheading","floor":14},{"not_picked":["Judgement","Blasphemy"],"picked":"Scrawl","floor":16},{"not_picked":["PathToVictory","FollowUp"],"picked":"Vengeance","floor":18},{"not_picked":["PathToVictory","Nirvana"],"picked":"CrushJoints+1","floor":20},{"not_picked":["Consecrate","Perseverance"],"picked":"EmptyFist","floor":22},{"not_picked":["Halt","ReachHeaven"],"picked":"InnerPeace+1","floor":23},{"not_picked":["Crescendo","SignatureMove"],"picked":"Wallop","floor":28},{"not_picked":["EmptyMind","Brilliance"],"picked":"TalkToTheHand","floor":30},{"not_picked":["Evaluate","Pray"],"picked":"Omniscience","floor":31},{"not_picked":["Vault","LessonLearned"],"picked":"Devotion","floor":33},{"not_picked":["FlurryOfBlows","FollowUp"],"picked":"WaveOfTheHand","floor":35},{"not_picked":["Wireheading","FlurryOfBlows","Weave"],"picked":"SKIP","floor":35},{"not_picked":["Bandage Up","Transmutation"],"picked":"Panacea","floor":36},{"not_picked":["Swift Strike","Enlightenment","Mind Blast"],"picked":"SKIP","floor":36},{"not_picked":["Sadistic Nature","Mayhem","Enlightenment"],"picked":"SKIP","floor":36},{"not_picked":["WaveOfTheHand","FlyingSleeves+1"],"picked":"ThirdEye","floor":39},{"not_picked":["EmptyBody","Evaluate+1"],"picked":"Halt+1","floor":39},{"not_picked":["Consecrate","CrushJoints","DevaForm"],"picked":"SKIP","floor":42},{"not_picked":["FlurryOfBlows","WreathOfFlame"],"picked":"Wireheading+1","floor":44},{"not_picked":["WaveOfTheHand+1","FlurryOfBlows","WindmillStrike","CarveReality"],"picked":"SKIP","floor":45},{"not_picked":["Consecrate","FollowUp+1","FlurryOfBlows","WheelKick+1"],"picked":"SKIP","floor":45},{"not_picked":["Wallop","ClearTheMind","EmptyBody"],"picked":"MentalFortress+1","floor":46},{"not_picked":["SignatureMove+1","CarveReality+1","Wireheading+1","SandsOfTime"],"picked":"SKIP","floor":46},{"not_picked":["SignatureMove+1","CarveReality+1","Wireheading+1","SandsOfTime"],"picked":"SKIP","floor":46},{"not_picked":["Consecrate","ForeignInfluence","WindmillStrike+1"],"picked":"EmptyMind","floor":47},{"not_picked":["Adaptation+1","DeusExMachina","ForeignInfluence","ThirdEye"],"picked":"SKIP","floor":47},{"not_picked":["ClearTheMind+1","BattleHymn+1","SandsOfTime+1"],"picked":"CutThroughFate+1","floor":48},{"not_picked":["BowlingBash+1","CrushJoints+1","Halt"],"picked":"Prostrate","floor":53},{"not_picked":["CrushJoints+1","Indignation","Halt"],"picked":"Devotion+1","floor":55}],"player_experience":7031472,"relics_obtained":[{"floor":7,"key":"Damaru"},{"floor":12,"key":"Ornamental Fan"},{"floor":14,"key":"Strawberry"},{"floor":23,"key":"Dream Catcher"},{"floor":26,"key":"Nunchaku"},{"floor":30,"key":"The Courier"},{"floor":30,"key":"Prayer Wheel"},{"floor":31,"key":"Bronze Scales"},{"floor":42,"key":"White Beast Statue"},{"floor":43,"key":"Frozen Egg 2"},{"floor":44,"key":"Question Card"},{"floor":48,"key":"Molten Egg 2"},{"floor":55,"key":"InkBottle"}],"event_choices":[{"damage_healed":0,"gold_gain":0,"player_choice":"Ignored","damage_taken":0,"max_hp_gain":0,"max_hp_loss":0,"event_name":"Liars Game","floor":3,"gold_loss":0},{"damage_healed":0,"gold_gain":0,"player_choice":"Entered Light","damage_taken":20,"max_hp_gain":0,"max_hp_loss":0,"event_name":"Shining Light","floor":5,"gold_loss":0,"cards_upgraded":["Defend_P","Strike_P"]},{"damage_healed":0,"gold_gain":100,"player_choice":"Gold","damage_taken":0,"max_hp_gain":0,"max_hp_loss":0,"event_name":"Wheel of Change","floor":10,"gold_loss":0},{"damage_healed":0,"gold_gain":0,"player_choice":"Left Gold","damage_taken":0,"max_hp_gain":0,"max_hp_loss":0,"event_name":"World of Goop","floor":13,"gold_loss":71},{"cards_removed":["Defend_P"],"damage_healed":0,"gold_gain":0,"player_choice":"Gave Gold","damage_taken":0,"max_hp_gain":0,"max_hp_loss":0,"event_name":"Beggar","floor":21,"gold_loss":75},{"damage_healed":15,"gold_gain":0,"player_choice":"Heal","damage_taken":0,"max_hp_gain":0,"max_hp_loss":0,"event_name":"The Library","floor":29,"gold_loss":0},{"damage_healed":0,"gold_gain":0,"player_choice":"Fight","damage_taken":0,"max_hp_gain":0,"max_hp_loss":0,"event_name":"Colosseum","floor":30,"gold_loss":0},{"damage_healed":0,"gold_gain":0,"player_choice":"Fought Nobs","damage_taken":0,"max_hp_gain":0,"max_hp_loss":0,"event_name":"Colosseum","floor":30,"gold_loss":0},{"damage_healed":0,"gold_gain":0,"player_choice":"Memory 3","damage_taken":10,"max_hp_gain":0,"max_hp_loss":0,"event_name":"SensoryStone","floor":36,"gold_loss":0},{"damage_healed":0,"gold_gain":0,"player_choice":"Copied","damage_taken":0,"max_hp_gain":0,"max_hp_loss":0,"event_name":"Duplicator","floor":37,"gold_loss":0,"cards_obtained":["Vault"]},{"damage_healed":0,"gold_gain":0,"player_choice":"Ignored","damage_taken":0,"max_hp_gain":0,"max_hp_loss":0,"event_name":"WeMeetAgain","floor":41,"gold_loss":0}],"is_beta":false,"boss_relics":[{"not_picked":["Ectoplasm","SacredBark"],"picked":"SlaversCollar"},{"not_picked":["Runic Dome","Coffee Dripper"],"picked":"Runic Pyramid"}],"items_purged_floors":[19,25,38,54],"is_endless":false,"potions_floor_spawned":[2,7,14,18,22,30,30,31,33,44,45,46,47,48,55],"ascension_level":20,"potion_discard_per_floor":[[],[],[],[],[],[],[],[],[],[],[],[],[],[],[],[],[],[],[],[],[],[],[],[],[],[],[],[],[],[],[],[],[],[],[],[],[],[],[],[],[],[],[],[],[],[],[],[],[],[],[],[],[],[],[],[],[]]}