{"neow_bonuses_skipped_log":["THREE_CARDS","REMOVE_TWO","BOSS_RELIC"],"neow_costs_skipped_log":["NONE","PERCENT_DAMAGE","NONE"],"gold_per_floor":[109,34,34,34,54,94,94,125,125,149,34,58,58,89,89,178,178,201,201,214,214,114,114,127,167,167,42,58,72,87,100,100,193,193,209,120,120,133,153,184,184,197,224,224,224,247,285,304,304,304,304,304,304,22,63,63],"floor_reached":56,"playtime":3437,"items_purged":["Strike_P","Strike_P","Defend_P","Defend_P"],"score":2348,"play_id":"06dbe135-93d3-42b0-a625-d766ad802847","local_time":"20220611162348","is_ascension_mode":true,"campfire_choices":[{"data":"Eruption","floor":7,"key":"SMITH"},{"data":"SignatureMove","floor":15,"key":"SMITH"},{"data":"Vault","floor":23,"key":"SMITH"},{"data":"Prostrate","floor":32,"key":"SMITH"},{"data":"Impatience","floor":41,"key":"SMITH"},{"floor":44,"key":"RECALL"},{"data":"Prostrate","floor":49,"key":"SMITH"},{"floor":53,"key":"REST"}],"neow_cost":"NONE","seed_source_timestamp":2445442362573600,"shop_contents":[{"floor":11,"relics":["Ancient Tea Set","Akabeko","DollysMirror"],"cards":["Consecrate","EmptyFist","ClearTheMind","BattleHymn","Panacea","Secret Technique"],"potions":["BottledMiracle","BlessingOfTheForge","DistilledChaos"]},{"floor":22,"relics":["Omamori","Tiny Chest","Chemical X"],"cards":["FlurryOfBlows","WindmillStrike","ThirdEye","Judgement","LikeWater","Blind","Thinking Ahead"],"potions":["Strength Potion","SteroidPotion","Explosive Potion"]},{"floor":27,"relics":["Centennial Puzzle","Happy Flower","ClockworkSouvenir"],"cards":["CutThroughFate","FlyingSleeves","Protect","Indignation","Adaptation","Good Instincts","Secret Technique"],"potions":["SteroidPotion","Weak Potion","Ancient Potion"]},{"floor":36,"relics":["InkBottle","Oddly Smooth Stone","Membership Card"],"cards":["BowlingBash","FlurryOfBlows","EmptyBody","Protect","Nirvana","Mayhem"],"potions":["FearPotion","Weak Potion","Block Potion"]},{"floor":54,"relics":["Yang","CloakClasp","Letter Opener"],"cards":["SashWhip","Weave","ClearTheMind","Worship","BattleHymn","Swift Strike","Secret Weapon"],"potions":["SkillPotion","EntropicBrew","EssenceOfSteel"]}],"circlet_count":0,"master_deck":["AscendersBane","Defend_P","Defend_P","Eruption+1","Vigilance","SignatureMove+1","FlurryOfBlows","Vault+1","Sanctity","Prostrate+1","Prostrate+1","Pray+1","EmptyMind+1","Sanctity","TalkToTheHand+1","Impatience+1","Adaptation","MentalFortress"],"potion_use_per_floor":[[],[],[],[],[],[],[],["Fire Potion"],[],[],[],[],[],[],[],[],[],[],[],[],[],[],[],[],[],[],[],[],[],[],[],[],["FearPotion"],[],[],[],[],[],[],[],[],[],[],[],[],[],[],[],[],[],["Weak Potion"],[],[],[],[],["BlessingOfTheForge"]],"relics":["HolyWater","NeowsBlessing","Golden Idol","Gambling Chip","Damaru","Turnip","Toy Ornithopter","Bag of Preparation","Sundial","Runic Dome","The Courier","Nunchaku","Medical Kit","Pen Nib"],"potions_floor_usage":[8,33,51,56],"damage_taken":[{"damage":0,"enemies":"Small Slimes","floor":1,"turns":1},{"damage":0,"enemies":"2 Louse","floor":5,"turns":1},{"damage":0,"enemies":"Gremlin Nob","floor":6,"turns":1},{"damage":4,"enemies":"3 Sentries","floor":8,"turns":5},{"damage":0,"enemies":"Jaw Worm","floor":10,"turns":3},{"damage":0,"enemies":"Large Slime","floor":12,"turns":2},{"damage":0,"enemies":"Lagavulin","floor":14,"turns":3},{"damage":0,"enemies":"Slime Boss","floor":16,"turns":4},{"damage":0,"enemies":"Chosen","floor":18,"turns":3},{"damage":0,"enemies":"Spheric Guardian","floor":20,"turns":1},{"damage":0,"enemies":"Shelled Parasite and Fungi","floor":24,"turns":2},{"damage":4,"enemies":"Slavers","floor":25,"turns":3},{"damage":0,"enemies":"Chosen and Byrds","floor":28,"turns":3},{"damage":0,"enemies":"3 Cultists","floor":29,"turns":2},{"damage":0,"enemies":"Cultist and Chosen","floor":30,"turns":3},{"damage":0,"enemies":"Centurion and Healer","floor":31,"turns":2},{"damage":0,"enemies":"Champ","floor":33,"turns":6},{"damage":0,"enemies":"3 Shapes","floor":35,"turns":2},{"damage":0,"enemies":"3 Darklings","floor":38,"turns":4},{"damage":0,"enemies":"Sphere and 2 Shapes","floor":39,"turns":2},{"damage":0,"enemies":"Giant Head","floor":40,"turns":3},{"damage":0,"enemies":"Spire Growth","floor":42,"turns":2},{"damage":0,"enemies":"Writhing Mass","floor":46,"turns":2},{"damage":0,"enemies":"Nemesis","floor":47,"turns":2},{"damage":0,"enemies":"Jaw Worm Horde","floor":48,"turns":2},{"damage":12,"enemies":"Donu and Deca","floor":50,"turns":5},{"damage":59,"enemies":"Time Eater","floor":51,"turns":9},{"damage":0,"enemies":"Shield and Spear","floor":55,"turns":3},{"damage":95,"enemies":"The Heart","floor":56,"turns":3}],"seed_played":"2654535500876377827","neow_bonus_log":{"cardsObtained":[],"cardsUpgraded":[],"cardsRemoved":[],"cardsTransformed":[],"relicsObtained":["NeowsBlessing"],"maxHpGained":0,"goldGained":0,"damageTaken":0,"goldLost":0,"maxHpLost":0},"potions_obtained":[{"floor":1,"key":"Fire Potion"},{"floor":10,"key":"FearPotion"},{"floor":14,"key":"Block Potion"},{"floor":29,"key":"BlessingOfTheForge"},{"floor":42,"key":"Weak Potion"}],"is_trial":false,"path_per_floor":["M","?","?","?","M","E","R","E","T","M","$","M","?","E","R","B",null,"M","?","M","?","$","R","M","E","T","$","M","M","M","M","R","B",null,"M","$","?","M","M","E","R","M","T","R","?","M","E","M","R","B","B",null,"R","$","E","B"],"character_chosen":"WATCHER","items_purchased":["Sanctity","Impatience","Medical Kit","Adaptation"],"campfire_rested":1,"item_purchase_floors":[11,36,54,54],"current_hp_per_floor":[61,61,61,66,66,66,66,62,62,62,62,62,62,62,62,62,66,66,66,66,66,66,66,66,62,62,62,62,62,62,62,62,67,67,67,67,67,67,67,67,67,67,67,67,67,67,67,67,67,55,1,51,67,67,67,0],"gold":63,"neow_bonus":"THREE_ENEMY_KILL","is_prod":false,"is_daily":false,"rewards_skipped":[{"floor":24,"relics":[],"potions":["SkillPotion"]},{"floor":28,"relics":[],"potions":["AttackPotion"]},{"floor":30,"relics":[],"potions":["Fire Potion"]},{"floor":46,"relics":[],"potions":["ColorlessPotion"]},{"floor":47,"relics":[],"potions":["ColorlessPotion"]}],"chose_seed":false,"campfire_upgraded":6,"win_rate":0,"floor_exit_playtime":[141,151,157,163,202,304,316,425,434,490,517,552,562,619,625,715,829,886,962,996,1014,1029,1042,1106,1214,1227,1255,1384,1444,1484,1526,1537,1684,1746,1792,1842,1860,1967,2032,2127,2135,2180,2183,2189,2207,2340,2429,2492,2523,2660,2924,2943,2947,2986,3104],"timestamp":1654979028,"blue_key_relic_skipped_log":{"floor":43,"relicID":"Strawberry"},"path_taken":["M","?","?","?","?","E","R","E","T","M","$","M","?","E","R","BOSS","M","?","M","?","$","R","?","E","T","$","?","M","M","M","R","BOSS","M","$","?","?","?","E","R","M","T","R","?","M","E","M","R","BOSS","BOSS","R","$","E","BOSS"],"build_version":"2022-03-07","purchased_purges":4,"victory":false,"max_hp_per_floor":[68,68,62,67,67,67,67,67,67,67,67,67,67,67,67,67,67,67,67,67,67,67,67,67,67,67,67,67,67,67,67,67,67,67,67,67,67,67,67,67,67,67,67,67,67,67,67,67,67,67,67,67,67,67,67,67],"relic_stats":{"counters":[29,84],"Golden Idol":183,"The Courier":71,"Pen Nib":[1],"Bag of Preparation":[34],"Medical Kit":[4],"Nunchaku":[5],"Sundial":[22],"Gambling Chip":[84],"HolyWater":[39],"Turnip":[6],"obtain_stats":[{"NeowsBlessing":0,"Golden Idol":3,"Damaru":8,"The Courier":40,"Pen Nib":55,"Bag of Preparation":25,"Medical Kit":54,"Runic Dome":34,"Nunchaku":47,"Sundial":26,"Gambling Chip":6,"HolyWater":17,"Turnip":9,"PureWater":0,"Toy Ornithopter":14},{"NeowsBlessing":0,"Golden Idol":1,"Damaru":4,"The Courier":21,"Pen Nib":28,"Bag of Preparation":12,"Medical Kit":27,"Runic Dome":17,"Nunchaku":24,"Sundial":12,"Gambling Chip":3,"HolyWater":8,"Turnip":4,"PureWater":0,"Toy Ornithopter":7},{"NeowsBlessing":0,"Golden Idol":1,"Damaru":8,"The Courier":56,"Pen Nib":81,"Bag of Preparation":29,"Medical Kit":78,"Runic Dome":45,"Nunchaku":62,"Sundial":29,"Gambling Chip":3,"HolyWater":20,"Turnip":8,"PureWater":0,"Toy Ornithopter":16}],"Toy Ornithopter":15},"card_choices":[{"not_picked":["WaveOfTheHand","EmptyFist"],"picked":"SignatureMove","floor":1},{"not_picked":["EmptyBody","CarveReality","Crescendo"],"picked":"SKIP","floor":5},{"not_picked":["WindmillStrike","FlyingSleeves"],"picked":"FlurryOfBlows","floor":6},{"not_picked":["Crescendo","Prostrate"],"picked":"Vault","floor":8},{"not_picked":["SandsOfTime","ThirdEye","Vengeance"],"picked":"SKIP","floor":10},{"not_picked":["Protect","Sanctity","EmptyFist"],"picked":"SKIP","floor":12},{"not_picked":["ForeignInfluence","SashWhip"],"picked":"Prostrate","floor":14},{"not_picked":["FlurryOfBlows","TalkToTheHand","Evaluate"],"picked":"SKIP","floor":18},{"not_picked":["EmptyBody","Indignation","Halt","Protect","Vengeance","FollowUp","Weave","EmptyFist","ReachHeaven","BowlingBash","CrushJoints","Consecrate","CarveReality","WaveOfTheHand","Tantrum","FlyingSleeves","Evaluate","Wireheading","FlurryOfBlows"],"picked":"Prostrate","floor":19},{"not_picked":["BattleHymn","Collect"],"picked":"Pray","floor":20},{"not_picked":["PathToVictory","Nirvana","Consecrate"],"picked":"SKIP","floor":24},{"not_picked":["JustLucky","Evaluate"],"picked":"EmptyMind+1","floor":25},{"not_picked":["Fasting2","MasterReality"],"picked":"Sanctity","floor":28},{"not_picked":["EmptyFist","CrushJoints"],"picked":"TalkToTheHand+1","floor":29},{"not_picked":["BowlingBash","CarveReality","Perseverance"],"picked":"SKIP","floor":30},{"not_picked":["Halt+1","BowlingBash","Consecrate+1"],"picked":"SKIP","floor":31},{"not_picked":["ClearTheMind+1","SashWhip","Crescendo+1"],"picked":"SKIP","floor":35},{"not_picked":["Study","Collect+1","PathToVictory"],"picked":"SKIP","floor":38},{"not_picked":["SignatureMove","JustLucky","CrushJoints"],"picked":"SKIP","floor":39},{"not_picked":["SignatureMove","JustLucky","CrushJoints"],"picked":"SKIP","floor":39},{"not_picked":["SignatureMove","JustLucky","CrushJoints"],"picked":"SKIP","floor":39},{"not_picked":["Vengeance","Indignation","SignatureMove"],"picked":"SKIP","floor":40},{"not_picked":["JustLucky","ReachHeaven","SashWhip+1"],"picked":"SKIP","floor":42},{"not_picked":["Crescendo","Conclude+1","Swivel"],"picked":"SKIP","floor":46},{"not_picked":["Crescendo","Conclude+1","Swivel"],"picked":"SKIP","floor":46},{"not_picked":["DeusExMachina","Pray","JustLucky+1"],"picked":"SKIP","floor":47},{"not_picked":["Crescendo","CrushJoints+1","Perseverance+1"],"picked":"SKIP","floor":48},{"not_picked":["Crescendo","CrushJoints+1","Perseverance+1"],"picked":"SKIP","floor":48},{"not_picked":["FlyingSleeves","DevaForm"],"picked":"MentalFortress","floor":55}],"player_experience":7169015,"relics_obtained":[{"floor":6,"key":"Gambling Chip"},{"floor":8,"key":"Damaru"},{"floor":9,"key":"Turnip"},{"floor":14,"key":"Toy Ornithopter"},{"floor":25,"key":"Bag of Preparation"},{"floor":26,"key":"Sundial"},{"floor":40,"key":"The Courier"},{"floor":47,"key":"Nunchaku"},{"floor":55,"key":"Pen Nib"}],"event_choices":[{"cards_removed":["Strike_P"],"damage_healed":0,"gold_gain":0,"player_choice":"Card Removal","damage_taken":0,"max_hp_gain":0,"max_hp_loss":0,"event_name":"The Cleric","floor":2,"gold_loss":75},{"damage_healed":0,"gold_gain":0,"player_choice":"Lose Max HP","damage_taken":0,"relics_obtained":["Golden Idol"],"max_hp_gain":0,"max_hp_loss":6,"event_name":"Golden Idol","floor":3,"gold_loss":0},{"damage_healed":0,"gold_gain":0,"player_choice":"Donut","damage_taken":0,"max_hp_gain":5,"max_hp_loss":0,"event_name":"Big Fish","floor":4,"gold_loss":0},{"cards_removed":["Strike_P"],"damage_healed":0,"gold_gain":0,"player_choice":"Forget","damage_taken":0,"max_hp_gain":0,"max_hp_loss":0,"event_name":"Living Wall","floor":13,"gold_loss":0},{"damage_healed":0,"gold_gain":0,"player_choice":"Read","damage_taken":0,"max_hp_gain":0,"max_hp_loss":0,"event_name":"The Library","floor":19,"gold_loss":0,"cards_obtained":["Prostrate"]},{"damage_healed":0,"gold_gain":0,"player_choice":"0 cards matched","damage_taken":0,"max_hp_gain":0,"max_hp_loss":0,"event_name":"Match and Keep!","floor":37,"gold_loss":0,"cards_obtained":[]},{"damage_healed":0,"gold_gain":0,"player_choice":"Forge","damage_taken":0,"max_hp_gain":0,"max_hp_loss":0,"event_name":"Accursed Blacksmith","floor":45,"gold_loss":0,"cards_upgraded":["Pray"]}],"is_beta":false,"boss_relics":[{"not_picked":["Coffee Dripper","Tiny House"],"picked":"HolyWater"},{"not_picked":["Cursed Key","Snecko Eye"],"picked":"Runic Dome"}],"items_purged_floors":[11,22,27,54],"is_endless":false,"potions_floor_spawned":[1,10,14,24,28,29,30,42,46,47],"killed_by":"The Heart","ascension_level":20,"potion_discard_per_floor":[[],[],[],[],[],[],[],[],[],[],[],[],[],[],[],[],[],[],[],[],[],[],[],[],[],[],[],[],["Block Potion"],[],[],[],[],[],[],[],[],[],[],[],[],[],[],[],[],[],[],[],[],[],[],[],[],[],[],[]]}