{"neow_bonuses_skipped_log":["UPGRADE_CARD","TWO_FIFTY_GOLD","BOSS_RELIC"],"neow_costs_skipped_log":["NONE","PERCENT_DAMAGE","NONE"],"gold_per_floor":[111,157,157,167,55,83,83,100,100,100,100,127,141,141,141,236,236,255,108,108,8,8,52,52,52,52,52,98,152,152,202,202,328,328,381,429,429,442,491,557,557,620,646,330,349,419,419,489,489,489,489,489,489,40,76,106],"floor_reached":57,"playtime":3918,"items_purged":["Defend_P","Strike_P","Defend_P","LessonLearned+1","Purity+1"],"score":3392,"play_id":"c076ecd2-7b70-45e3-8f70-ef07b5bb849e","local_time":"20220608174230","is_ascension_mode":true,"campfire_choices":[{"data":"Eruption","floor":7,"key":"SMITH"},{"data":"EmptyMind","floor":11,"key":"SMITH"},{"data":"Vigilance","floor":15,"key":"SMITH"},{"data":"Vault","floor":24,"key":"SMITH"},{"floor":32,"key":"RECALL"},{"data":"Adaptation","floor":47,"key":"SMITH"},{"data":"Indignation","floor":49,"key":"SMITH"},{"floor":53,"key":"REST"}],"neow_cost":"NONE","seed_source_timestamp":2190462386498599,"shop_contents":[{"floor":5,"relics":["Toxic Egg 2","Dream Catcher","Toolbox"],"cards":["CarveReality","SignatureMove","Evaluate","Wireheading","Impatience","Violence"],"potions":["SkillPotion","LiquidMemories","SneckoOil"]},{"floor":19,"relics":["Art of War","Tiny Chest","Chemical X"],"cards":["FearNoEvil","Wallop","Protect","PathToVictory","DevaForm","Trip","Sadistic Nature"],"potions":["SneckoOil","PowerPotion","ColorlessPotion"]},{"floor":21,"relics":["Regal Pillow","Incense Burner","ClockworkSouvenir"],"cards":["SignatureMove","SandsOfTime","Halt","Evaluate","Establishment","Deep Breath","Secret Weapon"],"potions":["Block Potion","LiquidBronze","SkillPotion"]},{"floor":27,"relics":["PreservedInsect","Mercury Hourglass","Frozen Eye"],"cards":["SignatureMove","CarveReality","Evaluate","Indignation","LikeWater","Blind","Thinking Ahead"],"potions":["LiquidMemories","LiquidBronze","Explosive Potion"]},{"floor":44,"relics":["Meat on the Bone","Molten Egg 2","Thread and Needle"],"cards":["WheelKick","JustLucky","InnerPeace","EmptyBody","BattleHymn","Panacea","Secret Technique"],"potions":["EssenceOfSteel","Energy Potion","Block Potion"]},{"floor":54,"relics":["TeardropLocket","Oddly Smooth Stone","Whetstone"],"cards":["FlurryOfBlows","TalkToTheHand","EmptyBody","Halt","Study","Impatience","Apotheosis"],"potions":["BottledMiracle","Ambrosia","Swift Potion"]}],"circlet_count":0,"master_deck":["AscendersBane","Eruption+1","Vigilance+1","Adaptation+1","EmptyMind+1","InnerPeace+1","Vault+1","MentalFortress+1","Crescendo+1","Wish+1","Scrawl+1","Adaptation+1","Scrawl+1","Indignation+1","PathToVictory"],"potion_use_per_floor":[[],[],[],[],[],[],[],[],[],[],[],["Block Potion"],[],[],[],["Energy Potion"],[],[],[],[],[],[],[],[],[],[],[],["BlessingOfTheForge","Weak Potion"],[],[],[],[],[],[],[],[],[],[],[],[],[],[],[],[],[],[],[],[],[],["AttackPotion"],[],[],[],[],[],[],[]],"relics":["PureWater","NeowsBlessing","Ancient Tea Set","NlothsMask","Eternal Feather","The Courier","Golden Idol","Runic Pyramid","Blue Candle","Empty Cage","Bottled Flame","Smiling Mask","Centennial Puzzle","Pen Nib","DollysMirror","Blood Vial","GoldenEye","Sundial","Medical Kit","Vajra"],"potions_floor_usage":[12,16,28,28,50],"damage_taken":[{"damage":0,"enemies":"Cultist","floor":1,"turns":1},{"damage":0,"enemies":"Small Slimes","floor":4,"turns":1},{"damage":0,"enemies":"3 Sentries","floor":6,"turns":2},{"damage":7,"enemies":"2 Louse","floor":8,"turns":3},{"damage":10,"enemies":"Gremlin Nob","floor":12,"turns":3},{"damage":1,"enemies":"2 Fungi Beasts","floor":13,"turns":3},{"damage":20,"enemies":"Hexaghost","floor":16,"turns":5},{"damage":0,"enemies":"Spheric Guardian","floor":18,"turns":4},{"damage":0,"enemies":"Book of Stabbing","floor":23,"turns":3},{"damage":17,"enemies":"Shell Parasite","floor":28,"turns":3},{"damage":0,"enemies":"Centurion and Healer","floor":29,"turns":4},{"damage":1,"enemies":"Snecko","floor":31,"turns":5},{"damage":0,"enemies":"Automaton","floor":33,"turns":4},{"damage":0,"enemies":"3 Darklings","floor":35,"turns":3},{"damage":0,"enemies":"Orb Walker","floor":36,"turns":2},{"damage":0,"enemies":"3 Darklings","floor":38,"turns":2},{"damage":0,"enemies":"Sphere and 2 Shapes","floor":39,"turns":3},{"damage":0,"enemies":"Nemesis","floor":40,"turns":4},{"damage":0,"enemies":"Giant Head","floor":42,"turns":4},{"damage":0,"enemies":"Writhing Mass","floor":45,"turns":4},{"damage":0,"enemies":"Nemesis","floor":46,"turns":4},{"damage":0,"enemies":"Reptomancer","floor":48,"turns":2},{"damage":7,"enemies":"Time Eater","floor":50,"turns":4},{"damage":0,"enemies":"Awakened One","floor":51,"turns":4},{"damage":0,"enemies":"Shield and Spear","floor":55,"turns":1},{"damage":13,"enemies":"The Heart","floor":56,"turns":4}],"seed_played":"5201802473033455982","neow_bonus_log":{"cardsObtained":[],"cardsUpgraded":[],"cardsRemoved":[],"cardsTransformed":[],"relicsObtained":["NeowsBlessing"],"maxHpGained":0,"goldGained":0,"damageTaken":0,"goldLost":0,"maxHpLost":0},"potions_obtained":[{"floor":1,"key":"Weak Potion"},{"floor":4,"key":"Block Potion"},{"floor":12,"key":"Energy Potion"},{"floor":18,"key":"BlessingOfTheForge"},{"floor":28,"key":"LiquidMemories"},{"floor":33,"key":"Fire Potion"},{"floor":36,"key":"SpeedPotion"},{"floor":46,"key":"AttackPotion"}],"is_trial":false,"path_per_floor":["M","T","?","M","$","E","R","M","T","?","R","E","M","?","R","B",null,"M","$","?","$","?","E","R","?","T","$","M","M","?","M","R","B",null,"M","M","?","M","M","E","?","E","T","$","M","E","R","E","R","B","B",null,"R","$","E","B",null],"character_chosen":"WATCHER","items_purchased":["EmptyMind","MentalFortress","Pen Nib","DollysMirror","Sundial","PathToVictory","Medical Kit"],"campfire_rested":1,"item_purchase_floors":[5,19,44,44,54,54,54],"current_hp_per_floor":[61,61,61,61,61,61,67,60,60,60,66,56,55,32,38,18,56,56,56,56,56,37,37,43,43,43,43,26,26,26,25,31,31,63,63,63,53,53,53,53,53,53,53,53,53,53,59,61,70,65,67,72,73,73,73,60],"gold":106,"neow_bonus":"THREE_ENEMY_KILL","is_prod":false,"is_daily":false,"rewards_skipped":[{"floor":40,"relics":[],"potions":["Explosive Potion"]},{"floor":45,"relics":[],"potions":["GamblersBrew"]}],"chose_seed":false,"campfire_upgraded":6,"win_rate":0,"floor_exit_playtime":[121,130,139,159,223,252,259,332,335,346,365,488,568,581,609,880,957,1031,1079,1088,1100,1130,1239,1246,1296,1301,1308,1384,1483,1493,1645,1656,1833,1876,1988,2048,2123,2211,2281,2479,2504,2630,2634,2724,2831,2959,2965,3078,3083,3236,3405,3429,3434,3486,3593,3918],"timestamp":1654724550,"blue_key_relic_skipped_log":{"floor":26,"relicID":"Darkstone Periapt"},"path_taken":["M","?","?","?","?","E","R","M","T","?","R","E","M","?","R","BOSS","M","$","?","?","?","E","R","?","T","?","?","M","?","M","R","BOSS","M","M","?","M","M","E","?","E","T","$","M","E","R","E","R","BOSS","BOSS","R","$","E","BOSS"],"build_version":"2022-03-07","purchased_purges":5,"victory":true,"max_hp_per_floor":[68,68,68,68,68,68,68,68,68,68,68,68,68,68,68,68,68,68,68,68,68,73,73,73,73,73,73,73,73,73,73,73,73,73,73,73,73,73,73,73,73,73,73,73,73,73,73,73,73,73,73,73,73,73,73,73],"relic_stats":{"counters":[26,82],"Golden Idol":176,"Blue Candle":[3],"Eternal Feather":46,"The Courier":293,"Pen Nib":[16],"Ancient Tea Set":[16],"Smiling Mask":160,"GoldenEye":[0],"Medical Kit":[4],"Blood Vial":6,"Bottled Flame":"Eruption","Centennial Puzzle":[6],"Sundial":[78],"PureWater":[23],"obtain_stats":[{"NeowsBlessing":0,"Golden Idol":14,"Blue Candle":23,"Vajra":55,"Eternal Feather":6,"The Courier":12,"Pen Nib":44,"Ancient Tea Set":2,"Empty Cage":34,"Smiling Mask":42,"GoldenEye":48,"Medical Kit":54,"Blood Vial":46,"Bottled Flame":40,"Centennial Puzzle":43,"DollysMirror":44,"Sundial":54,"PureWater":0,"NlothsMask":3,"Runic Pyramid":17},{"NeowsBlessing":0,"Golden Idol":6,"Blue Candle":9,"Vajra":25,"Eternal Feather":3,"The Courier":5,"Pen Nib":19,"Ancient Tea Set":1,"Empty Cage":13,"Smiling Mask":19,"GoldenEye":22,"Medical Kit":24,"Blood Vial":21,"Bottled Flame":18,"Centennial Puzzle":19,"DollysMirror":19,"Sundial":24,"PureWater":0,"NlothsMask":1,"Runic Pyramid":7},{"NeowsBlessing":0,"Golden Idol":13,"Blue Candle":25,"Vajra":78,"Eternal Feather":4,"The Courier":10,"Pen Nib":59,"Ancient Tea Set":1,"Empty Cage":41,"Smiling Mask":59,"GoldenEye":69,"Medical Kit":77,"Blood Vial":67,"Bottled Flame":55,"Centennial Puzzle":59,"DollysMirror":59,"Sundial":77,"PureWater":0,"NlothsMask":1,"Runic Pyramid":18}]},"card_choices":[{"not_picked":["SashWhip","Perseverance"],"picked":"Adaptation","floor":1},{"not_picked":["Perseverance","JustLucky","Protect"],"picked":"SKIP","floor":4},{"not_picked":["Swivel","FollowUp"],"picked":"InnerPeace","floor":6},{"not_picked":["CrushJoints","Perseverance","FlurryOfBlows"],"picked":"SKIP","floor":8},{"not_picked":["Halt","Protect","Pray"],"picked":"SKIP","floor":12},{"not_picked":["BowlingBash","Fasting2"],"picked":"BattleHymn","floor":13},{"not_picked":["Establishment","Devotion"],"picked":"Vault","floor":16},{"not_picked":["WaveOfTheHand","PathToVictory+1","Tantrum"],"picked":"SKIP","floor":18},{"not_picked":["Brilliance","ClearTheMind"],"picked":"Crescendo+1","floor":23},{"not_picked":["Consecrate","PathToVictory","SashWhip+1"],"picked":"SKIP","floor":29},{"not_picked":["Consecrate","Swivel","Halt"],"picked":"SKIP","floor":31},{"not_picked":["ConjureBlade","Wish"],"picked":"Scrawl","floor":33},{"not_picked":["DeceiveReality","SignatureMove","EmptyFist"],"picked":"SKIP","floor":35},{"not_picked":["DeceiveReality","CrushJoints","Protect"],"picked":"SKIP","floor":36},{"not_picked":["Finesse","Deep Breath"],"picked":"Purity","floor":37},{"not_picked":["Finesse","The Bomb","Discovery"],"picked":"SKIP","floor":37},{"not_picked":["Finesse","Apotheosis","Dark Shackles"],"picked":"SKIP","floor":37},{"not_picked":["ThirdEye","SashWhip+1","ClearTheMind"],"picked":"SKIP","floor":38},{"not_picked":["Halt","ClearTheMind+1","Tantrum"],"picked":"SKIP","floor":40},{"not_picked":["Halt","ClearTheMind+1","Tantrum"],"picked":"SKIP","floor":40},{"not_picked":["EmptyBody","BowlingBash","CrushJoints"],"picked":"SKIP","floor":42},{"not_picked":["EmptyBody","BowlingBash","CrushJoints"],"picked":"SKIP","floor":42},{"not_picked":["ReachHeaven","EmptyFist","FlyingSleeves"],"picked":"SKIP","floor":45},{"not_picked":["MasterReality","Nirvana","Prostrate"],"picked":"SKIP","floor":46},{"not_picked":["Crescendo","Halt"],"picked":"Indignation","floor":48},{"not_picked":["Sanctity","WaveOfTheHand","InnerPeace+1"],"picked":"SKIP","floor":55}],"player_experience":7120157,"relics_obtained":[{"floor":2,"key":"Ancient Tea Set"},{"floor":6,"key":"Eternal Feather"},{"floor":12,"key":"The Courier"},{"floor":23,"key":"Blue Candle"},{"floor":40,"key":"Bottled Flame"},{"floor":42,"key":"Smiling Mask"},{"floor":43,"key":"Centennial Puzzle"},{"floor":46,"key":"Blood Vial"},{"floor":48,"key":"GoldenEye"},{"floor":55,"key":"Vajra"}],"event_choices":[{"damage_healed":0,"gold_gain":0,"player_choice":"Trade","damage_taken":0,"relics_obtained":["NlothsMask"],"max_hp_gain":0,"max_hp_loss":0,"event_name":"FaceTrader","floor":3,"gold_loss":0},{"cards_removed":["Defend_P"],"damage_healed":0,"gold_gain":0,"player_choice":"Forget","damage_taken":0,"max_hp_gain":0,"max_hp_loss":0,"event_name":"Living Wall","floor":10,"gold_loss":0},{"damage_healed":0,"gold_gain":0,"player_choice":"Take Damage","damage_taken":23,"relics_obtained":["Golden Idol"],"max_hp_gain":0,"max_hp_loss":0,"event_name":"Golden Idol","floor":14,"gold_loss":0},{"cards_removed":["Strike_P"],"damage_healed":0,"gold_gain":0,"player_choice":"Offered Basic","damage_taken":0,"max_hp_gain":0,"max_hp_loss":0,"event_name":"Bonfire Elementals","floor":20,"gold_loss":0},{"damage_healed":0,"gold_gain":0,"player_choice":"Shed Blood","damage_taken":24,"max_hp_gain":5,"max_hp_loss":0,"event_name":"Forgotten Altar","floor":22,"gold_loss":0},{"damage_healed":0,"gold_gain":0,"cards_transformed":["Strike_P","Strike_P"],"player_choice":"Became Test Subject","damage_taken":0,"max_hp_gain":0,"max_hp_loss":0,"event_name":"Drug Dealer","floor":25,"gold_loss":0,"cards_obtained":["LessonLearned","Wish"]},{"damage_healed":0,"gold_gain":0,"player_choice":"Ignored","damage_taken":0,"max_hp_gain":0,"max_hp_loss":0,"event_name":"Vampires","floor":30,"gold_loss":0},{"damage_healed":0,"gold_gain":0,"player_choice":"Memory 3","damage_taken":10,"max_hp_gain":0,"max_hp_loss":0,"event_name":"SensoryStone","floor":37,"gold_loss":0},{"damage_healed":0,"gold_gain":0,"player_choice":"1 cards matched","damage_taken":0,"max_hp_gain":0,"max_hp_loss":0,"event_name":"Match and Keep!","floor":41,"gold_loss":0,"cards_obtained":["Adaptation"]}],"is_beta":false,"boss_relics":[{"not_picked":["Calling Bell","Velvet Choker"],"picked":"Runic Pyramid"},{"not_picked":["Cursed Key","Black Star"],"picked":"Empty Cage"}],"items_purged_floors":[5,19,21,44,54],"is_endless":false,"potions_floor_spawned":[1,4,12,18,28,33,36,40,45,46],"ascension_level":20,"potion_discard_per_floor":[[],[],[],[],[],[],[],[],[],[],[],[],[],[],[],[],[],[],[],[],[],[],[],[],[],[],[],[],[],[],[],[],[],[],[],["Fire Potion"],[],[],[],[],[],[],[],[],[],["SpeedPotion"],[],[],[],[],[],[],[],[],[],[],[]]}