{"neow_bonuses_skipped_log":["ONE_RANDOM_RARE_CARD","HUNDRED_GOLD","TRANSFORM_TWO_CARDS"],"neow_costs_skipped_log":["NONE","NONE","CURSE"],"gold_per_floor":[114,114,114,133,157,157,157,200,200,42,62,93,113,147,147,242,242,258,258,277,290,205,240,265,308,331,375,375,394,81,81,81,171,171,186,186,250,266,281,325,351,395,449,487,502,502,502,502,502,502,502,502,502,123,166,166],"floor_reached":57,"playtime":4300,"items_purged":["Strike_P","Strike_P+1"],"score":3011,"play_id":"bc744f5a-02ef-4414-b798-40f99feb0edb","local_time":"20220609175955","falling_options_log":["WheelKick+1","Wraith Form v2"],"is_ascension_mode":true,"campfire_choices":[{"floor":6,"key":"REST"},{"data":"Pommel Strike","floor":15,"key":"SMITH"},{"floor":28,"key":"REST"},{"floor":32,"key":"REST"},{"floor":46,"key":"RECALL"},{"floor":49,"key":"REST"},{"floor":53,"key":"REST"}],"neow_cost":"NONE","seed_source_timestamp":2277525819459300,"shop_contents":[{"floor":10,"relics":["CaptainsWheel","Mercury Hourglass"],"cards":["SashWhip","SignatureMove","Sanctity","Crescendo","LikeWater","Swift Strike","HandOfGreed"],"potions":["Weak Potion","PowerPotion","LiquidBronze"]},{"floor":30,"relics":["CeramicFish"],"cards":["FlyingSleeves","BowlingBash","WaveOfTheHand","Indignation","Nirvana","Jack Of All Trades","The Bomb"],"potions":["SteroidPotion","BottledMiracle"]},{"floor":54,"relics":["Gremlin Horn"],"cards":["FollowUp","Swivel+1","Wish+1","Trip+1","Metamorphosis+1"],"potions":["AttackPotion","DuplicationPotion"]}],"circlet_count":0,"master_deck":["AscendersBane","Strike_P+1","Strike_P+1","Defend_P+1","Defend_P+1","Defend_P+1","Eruption+1","Vigilance+1","SashWhip+1","LessonLearned+1","Wallop+1","WheelKick+1","True Grit+1","Pommel Strike+1","Shrug It Off+1","Indignation+1","Malaise+1","Meditate+1","Skewer+1","Inflame+1","Meteor Strike+1","Wraith Form v2+1","Beam Cell+1","Wraith Form v2","Well Laid Plans+1","Scrawl+1","Disarm+1","TalkToTheHand","DevaForm","Wallop+1"],"potion_use_per_floor":[[],[],[],[],[],[],[],["SteroidPotion"],[],[],[],["FearPotion"],[],[],[],["PowerPotion"],[],[],[],[],[],[],["DuplicationPotion"],[],["Fire Potion"],[],[],[],[],[],[],[],["Strength Potion"],[],[],[],[],["AttackPotion"],["AttackPotion","SpeedPotion"],[],[],[],[],[],[],[],[],[],[],[],[],[],[],[],[],["BlessingOfTheForge","DuplicationPotion"],[]],"relics":["SlaversCollar","Golden Idol","Question Card","PrismaticShard","Meat on the Bone","TeardropLocket","Fusion Hammer","Singing Bowl","Boot","Darkstone Periapt","Centennial Puzzle","Bag of Marbles","Membership Card","Regal Pillow","Black Star","GoldenEye","War Paint","Anchor","Happy Flower","Bronze Scales","Ginger","Art of War","Blood Vial","Dream Catcher","Toxic Egg 2","Vajra","Medical Kit","Oddly Smooth Stone","Bag of Preparation"],"potions_floor_usage":[8,12,16,23,25,33,38,39,39,56,56],"damage_taken":[{"damage":13,"enemies":"Jaw Worm","floor":1,"turns":10},{"damage":8,"enemies":"Small Slimes","floor":4,"turns":4},{"damage":7,"enemies":"Cultist","floor":5,"turns":3},{"damage":0,"enemies":"3 Sentries","floor":8,"turns":3},{"damage":1,"enemies":"Blue Slaver","floor":11,"turns":3},{"damage":2,"enemies":"Lagavulin","floor":12,"turns":6},{"damage":4,"enemies":"2 Fungi Beasts","floor":13,"turns":3},{"damage":26,"enemies":"Gremlin Nob","floor":14,"turns":5},{"damage":19,"enemies":"Hexaghost","floor":16,"turns":8},{"damage":1,"enemies":"3 Byrds","floor":18,"turns":9},{"damage":2,"enemies":"2 Thieves","floor":20,"turns":3},{"damage":17,"enemies":"Snake Plant","floor":21,"turns":5},{"damage":0,"enemies":"Book of Stabbing","floor":23,"turns":6},{"damage":9,"enemies":"Cultist and Chosen","floor":24,"turns":5},{"damage":7,"enemies":"Slavers","floor":25,"turns":7},{"damage":32,"enemies":"Gremlin Leader","floor":27,"turns":6},{"damage":19,"enemies":"3 Cultists","floor":29,"turns":5},{"damage":8,"enemies":"Automaton","floor":33,"turns":6},{"damage":8,"enemies":"Orb Walker","floor":35,"turns":5},{"damage":2,"enemies":"2 Orb Walkers","floor":37,"turns":3},{"damage":7,"enemies":"3 Darklings","floor":38,"turns":3},{"damage":25,"enemies":"Spire Growth","floor":39,"turns":4},{"damage":0,"enemies":"Giant Head","floor":40,"turns":5},{"damage":19,"enemies":"Nemesis","floor":42,"turns":5},{"damage":7,"enemies":"Giant Head","floor":44,"turns":5},{"damage":3,"enemies":"Jaw Worm Horde","floor":45,"turns":7},{"damage":9,"enemies":"Time Eater","floor":50,"turns":6},{"damage":13,"enemies":"Donu and Deca","floor":51,"turns":6},{"damage":61,"enemies":"Shield and Spear","floor":55,"turns":5},{"damage":10,"enemies":"The Heart","floor":56,"turns":8}],"seed_played":"7408273217314561189","neow_bonus_log":{"cardsObtained":[],"cardsUpgraded":[],"cardsRemoved":[],"cardsTransformed":[],"relicsObtained":["SlaversCollar"],"maxHpGained":0,"goldGained":0,"damageTaken":0,"goldLost":0,"maxHpLost":0},"potions_obtained":[{"floor":5,"key":"DuplicationPotion"},{"floor":7,"key":"SteroidPotion"},{"floor":8,"key":"FearPotion"},{"floor":12,"key":"PowerPotion"},{"floor":21,"key":"Fire Potion"},{"floor":27,"key":"AttackPotion"},{"floor":33,"key":"SpeedPotion"},{"floor":38,"key":"AttackPotion"},{"floor":42,"key":"BlessingOfTheForge"},{"floor":44,"key":"Explosive Potion"}],"is_trial":false,"path_per_floor":["M","?","?","M","M","R","?","E","T","$","M","E","M","E","R","B",null,"M","?","M","M","?","E","M","E","T","E","R","M","$","?","R","B",null,"M","?","?","M","M","E","T","E","T","E","M","R","?","T","R","B","B",null,"R","$","E","B",null],"character_chosen":"WATCHER","items_purchased":["PrismaticShard","Membership Card","Strength Potion","Regal Pillow","Vajra","Medical Kit","TalkToTheHand","DuplicationPotion","DevaForm"],"campfire_rested":5,"item_purchase_floors":[10,30,30,30,54,54,54,54,54],"current_hp_per_floor":[48,48,41,33,26,44,44,44,44,44,43,41,37,23,23,16,51,50,50,48,43,43,43,34,41,41,21,40,35,35,35,66,58,64,56,56,56,51,40,40,40,35,35,40,39,39,39,39,70,61,50,65,72,72,23,27],"gold":166,"neow_bonus":"BOSS_RELIC","is_prod":false,"is_daily":false,"rewards_skipped":[{"floor":7,"relics":[],"potions":["PowerPotion"]},{"floor":11,"relics":[],"potions":["SkillPotion"]},{"floor":14,"relics":[],"potions":["BottledMiracle"]},{"floor":35,"relics":[],"potions":["LiquidBronze"]}],"chose_seed":false,"campfire_upgraded":1,"win_rate":0,"floor_exit_playtime":[154,159,169,228,265,269,277,375,390,465,528,652,723,863,878,1059,1143,1337,1386,1457,1575,1587,1732,1857,1972,1982,2111,2128,2220,2276,2289,2294,2496,2577,2675,2689,2766,2853,2936,3035,3039,3130,3132,3220,3353,3357,3374,3377,3395,3514,3648,3669,3685,3786,3935,4300],"timestamp":1654811995,"blue_key_relic_skipped_log":{"floor":9,"relicID":"Unceasing Top"},"path_taken":["M","?","?","M","M","R","?","E","T","$","M","E","?","E","R","BOSS","M","?","M","M","?","E","M","E","T","E","R","M","$","?","R","BOSS","M","?","?","M","M","E","?","E","T","E","M","R","?","?","R","BOSS","BOSS","R","$","E","BOSS"],"build_version":"2022-03-07","purchased_purges":2,"victory":true,"max_hp_per_floor":[68,62,62,62,62,62,62,62,62,62,62,62,62,62,62,62,62,62,62,62,62,62,62,62,64,64,64,64,66,66,66,66,66,66,66,66,68,70,72,72,72,74,74,74,74,74,70,70,70,70,70,70,72,72,72,72],"relic_stats":{"Darkstone Periapt":0,"Regal Pillow":22,"Singing Bowl":14,"Happy Flower":[14],"counters":[30,159],"Golden Idol":235,"Bag of Preparation":[2],"Ginger":[3],"War Paint":["Indignation","Malaise"],"Question Card":25,"Boot":[34],"GoldenEye":[2],"Medical Kit":[3],"Blood Vial":6,"Centennial Puzzle":[42],"Dream Catcher":2,"Bronze Scales":[195],"Black Star":4,"Art of War":[1],"Membership Card":522,"obtain_stats":[{"Darkstone Periapt":25,"Regal Pillow":30,"Singing Bowl":22,"Vajra":54,"Bag of Preparation":55,"TeardropLocket":14,"Ginger":42,"PrismaticShard":10,"Boot":23,"Blood Vial":44,"Centennial Puzzle":26,"Dream Catcher":44,"Fusion Hammer":17,"Toxic Egg 2":48,"Happy Flower":41,"Golden Idol":2,"Oddly Smooth Stone":55,"War Paint":40,"Question Card":8,"GoldenEye":37,"Medical Kit":54,"SlaversCollar":0,"Anchor":40,"Bronze Scales":42,"Bag of Marbles":27,"Black Star":34,"Art of War":43,"Membership Card":30,"PureWater":0,"Meat on the Bone":12},{"Darkstone Periapt":15,"Regal Pillow":17,"Singing Bowl":12,"Vajra":28,"Bag of Preparation":29,"TeardropLocket":8,"Ginger":24,"PrismaticShard":4,"Boot":13,"Blood Vial":25,"Centennial Puzzle":15,"Dream Catcher":25,"Fusion Hammer":9,"Toxic Egg 2":26,"Happy Flower":23,"Golden Idol":1,"Oddly Smooth Stone":29,"War Paint":23,"Question Card":4,"GoldenEye":20,"Medical Kit":28,"SlaversCollar":0,"Anchor":23,"Bronze Scales":24,"Bag of Marbles":16,"Black Star":18,"Art of War":24,"Membership Card":17,"PureWater":0,"Meat on the Bone":6},{"Darkstone Periapt":80,"Regal Pillow":91,"Singing Bowl":62,"Vajra":146,"Bag of Preparation":151,"TeardropLocket":37,"Ginger":122,"PrismaticShard":20,"Boot":68,"Blood Vial":127,"Centennial Puzzle":80,"Dream Catcher":127,"Fusion Hammer":45,"Toxic Egg 2":134,"Happy Flower":117,"Golden Idol":10,"Oddly Smooth Stone":151,"War Paint":117,"Question Card":20,"GoldenEye":105,"Medical Kit":146,"SlaversCollar":0,"Anchor":117,"Bronze Scales":122,"Bag of Marbles":86,"Black Star":97,"Art of War":122,"Membership Card":91,"PureWater":0,"Meat on the Bone":29}],"Meat on the Bone":132},"card_choices":[{"not_picked":["Protect","FlurryOfBlows"],"picked":"SashWhip","floor":1},{"not_picked":["Evaluate","ThirdEye"],"picked":"LessonLearned","floor":4},{"not_picked":["WindmillStrike","Prostrate"],"picked":"Wallop","floor":5},{"not_picked":["ReachHeaven","Pray"],"picked":"WheelKick","floor":8},{"not_picked":["Bane","FlurryOfBlows","Collect"],"picked":"True Grit","floor":11},{"not_picked":["Sever Soul","Jack Of All Trades","Clash"],"picked":"Pommel Strike","floor":12},{"not_picked":["Purity","Bloodletting","Heavy Blade"],"picked":"Shrug It Off","floor":13},{"not_picked":["Backstab","Sever Soul","Blade Dance"],"picked":"Indignation","floor":14},{"not_picked":["Night Terror","Chrysalis","Double Tap"],"picked":"Malaise","floor":16},{"not_picked":["Sword Boomerang","Consecrate","WreathOfFlame","Leap"],"picked":"SKIP","floor":18},{"not_picked":["WheelKick","Conclude","PathToVictory","Nirvana","EmptyBody","Pray","FollowUp","Protect","WreathOfFlame","Swivel","Prostrate","SashWhip","Wallop","CutThroughFate","ClearTheMind","Fasting2","Halt","ThirdEye","EmptyFist"],"picked":"Meditate","floor":19},{"not_picked":["Flechettes","Go for the Eyes","Tempest"],"picked":"Skewer","floor":20},{"not_picked":["Ball Lightning","Gash","Skewer","Conserve Battery"],"picked":"SKIP","floor":21},{"not_picked":["Impatience","Sucker Punch","Pummel"],"picked":"Inflame","floor":23},{"not_picked":["FollowUp","White Noise","WreathOfFlame"],"picked":"Meteor Strike","floor":24},{"not_picked":["Cold Snap","Body Slam","Redo+1","Rage"],"picked":"Singing Bowl","floor":25},{"not_picked":["Anger","WindmillStrike","Noxious Fumes"],"picked":"Malaise","floor":27},{"not_picked":["Crescendo","Dagger Throw","Mind Blast","Armaments+1"],"picked":"Singing Bowl","floor":29},{"not_picked":["Tools of the Trade","All For One","DeusExMachina"],"picked":"Wraith Form v2","floor":33},{"not_picked":["Acrobatics","Pommel Strike","Concentrate+1"],"picked":"Beam Cell+1","floor":35},{"not_picked":["Rupture","Leap","Gash","Crippling Poison+1"],"picked":"Singing Bowl","floor":37},{"not_picked":["Metallicize","Clash+1","Flex","Entrench"],"picked":"Singing Bowl","floor":38},{"not_picked":["Blind+1","Pummel","White Noise","Havoc+1"],"picked":"Singing Bowl","floor":39},{"not_picked":["BowlingBash","Havoc","Body Slam"],"picked":"Wraith Form v2","floor":40},{"not_picked":["FollowUp","Beam Cell","Carnage","Terror+1"],"picked":"Singing Bowl","floor":42},{"not_picked":["Conserve Battery","Infernal Blade","Deflect"],"picked":"Well Laid Plans+1","floor":44},{"not_picked":["Quick Slash","Leap","Double Energy"],"picked":"Scrawl","floor":45},{"not_picked":["Flying Knee","PathToVictory+1","Armaments+1"],"picked":"Disarm+1","floor":49},{"not_picked":["Flying Knee","Halt+1","Sucker Punch","Blade Dance+1"],"picked":"Singing Bowl","floor":53},{"not_picked":["Bane","Heatsinks","Bludgeon"],"picked":"Wallop+1","floor":55}],"player_experience":7141659,"relics_obtained":[{"floor":8,"key":"Question Card"},{"floor":12,"key":"Meat on the Bone"},{"floor":14,"key":"TeardropLocket"},{"floor":23,"key":"Boot"},{"floor":25,"key":"Darkstone Periapt"},{"floor":26,"key":"Centennial Puzzle"},{"floor":27,"key":"Bag of Marbles"},{"floor":37,"key":"GoldenEye"},{"floor":40,"key":"War Paint"},{"floor":40,"key":"Anchor"},{"floor":41,"key":"Happy Flower"},{"floor":42,"key":"Bronze Scales"},{"floor":42,"key":"Ginger"},{"floor":43,"key":"Art of War"},{"floor":44,"key":"Blood Vial"},{"floor":44,"key":"Dream Catcher"},{"floor":48,"key":"Toxic Egg 2"},{"floor":55,"key":"Oddly Smooth Stone"},{"floor":55,"key":"Bag of Preparation"}],"event_choices":[{"damage_healed":0,"gold_gain":0,"player_choice":"Lose Max HP","damage_taken":0,"relics_obtained":["Golden Idol"],"max_hp_gain":0,"max_hp_loss":6,"event_name":"Golden Idol","floor":2,"gold_loss":0},{"cards_removed":["Defend_P"],"damage_healed":0,"gold_gain":0,"player_choice":"Card Removal","damage_taken":7,"max_hp_gain":0,"max_hp_loss":0,"event_name":"Golden Wing","floor":3,"gold_loss":0},{"damage_healed":0,"gold_gain":0,"player_choice":"Got Potions","damage_taken":0,"max_hp_gain":0,"max_hp_loss":0,"event_name":"Lab","floor":7,"gold_loss":0},{"damage_healed":0,"gold_gain":0,"player_choice":"Read","damage_taken":0,"max_hp_gain":0,"max_hp_loss":0,"event_name":"The Library","floor":19,"gold_loss":0,"cards_obtained":["Meditate"]},{"damage_healed":0,"gold_gain":0,"player_choice":"Obtained Relic","damage_taken":0,"relics_obtained":["Singing Bowl"],"max_hp_gain":0,"max_hp_loss":0,"event_name":"Addict","floor":22,"gold_loss":85},{"damage_healed":0,"gold_gain":0,"player_choice":"Ignored","damage_taken":0,"max_hp_gain":0,"max_hp_loss":0,"event_name":"Ghosts","floor":31,"gold_loss":0},{"cards_removed":["Malaise"],"damage_healed":0,"gold_gain":0,"player_choice":"Removed Skill","damage_taken":0,"max_hp_gain":0,"max_hp_loss":0,"event_name":"Falling","floor":36,"gold_loss":0},{"damage_healed":0,"gold_gain":0,"player_choice":"Fight","damage_taken":0,"max_hp_gain":0,"max_hp_loss":0,"event_name":"Mysterious Sphere","floor":37,"gold_loss":0},{"damage_healed":0,"gold_gain":0,"player_choice":"Max HP","damage_taken":0,"max_hp_gain":0,"max_hp_loss":4,"event_name":"Winding Halls","floor":47,"gold_loss":0}],"is_beta":false,"boss_relics":[{"not_picked":["Empty Cage","Tiny House"],"picked":"Fusion Hammer"},{"not_picked":["Coffee Dripper","Runic Dome"],"picked":"Black Star"}],"items_purged_floors":[30,54],"is_endless":false,"potions_floor_spawned":[5,8,11,12,14,21,27,33,35,38,42,44],"ascension_level":20,"potion_discard_per_floor":[[],[],[],[],[],[],[],[],[],[],[],[],[],[],[],[],[],[],[],[],[],[],[],[],[],[],[],[],[],[],[],[],[],[],[],[],[],[],[],[],[],[],[],[],[],[],[],[],[],[],[],[],[],["Explosive Potion"],[],[],[]]}