{"neow_bonuses_skipped_log":["HUNDRED_GOLD","ONE_RARE_RELIC","BOSS_RELIC"],"neow_costs_skipped_log":["NONE","PERCENT_DAMAGE","NONE"],"gold_per_floor":[112,129,54,25,45,70,70,81,132,159,171,171,171,202,202,281,281,292,51,51,51,70,70,84,84,84,116,127,139,64,97,97,172,172,188,188,188,208,69,69,95,95,95,122,137,165,190,210,210,210,210,210,210,39,71,71],"floor_reached":57,"playtime":3368,"items_purged":["Defend_P+1","Strike_P+1"],"score":3121,"play_id":"85b56403-9c19-4281-8eff-bef71132171d","local_time":"20220602195643","falling_options_log":["Halt","Adaptation"],"is_ascension_mode":true,"campfire_choices":[{"data":"EmptyFist","floor":7,"key":"SMITH"},{"data":"TalkToTheHand","floor":13,"key":"SMITH"},{"data":"MentalFortress","floor":15,"key":"SMITH"},{"data":"Vault","floor":23,"key":"SMITH"},{"data":"Crescendo","floor":25,"key":"SMITH"},{"data":"1","floor":32,"key":"LIFT"},{"data":"2","floor":40,"key":"LIFT"},{"data":"3","floor":42,"key":"LIFT"},{"floor":49,"key":"RECALL"},{"data":"Ragnarok","floor":53,"key":"SMITH"}],"neow_cost":"NONE","seed_source_timestamp":1680667860866600,"shop_contents":[{"floor":4,"relics":["Blood Vial","Happy Flower","TheAbacus"],"cards":["LessonLearned","CarveReality","Evaluate","LikeWater","Flash of Steel","Apotheosis"],"potions":["DuplicationPotion","EssenceOfSteel","ColorlessPotion"]},{"floor":19,"relics":["Frozen Egg 2","Lee\u0027s Waffle"],"cards":["JustLucky","WindmillStrike","WaveOfTheHand","Prostrate","Mind Blast","Magnetism"],"potions":["SmokeBomb","BottledMiracle","FearPotion"]},{"floor":30,"relics":["Bottled Tornado","Akabeko","Cauldron"],"cards":["FearNoEvil","SandsOfTime","EmptyBody","Protect","Study","Good Instincts","Master of Strategy"],"potions":["BottledMiracle","Ancient Potion","Swift Potion"]},{"floor":39,"relics":["Gambling Chip","Peace Pipe","Sling"],"cards":["FlurryOfBlows","Crescendo","EmptyBody","Fasting2","Deep Breath","Apotheosis"],"potions":["LiquidBronze","SteroidPotion","Swift Potion"]},{"floor":54,"relics":["InkBottle","Damaru","Toolbox"],"cards":["Tantrum","SashWhip","Omniscience","Prostrate","DevaForm","Dark Shackles","Chrysalis"],"potions":["StancePotion"]}],"circlet_count":0,"master_deck":["AscendersBane","Strike_P+1","Strike_P+1","Defend_P+1","Defend_P+1","Eruption+1","Vigilance","MentalFortress+1","EmptyFist+1","Crescendo+1","Indignation","TalkToTheHand+1","Sanctity","Consecrate","Protect","CutThroughFate","Vault+1","CurseOfTheBell","CutThroughFate","Adaptation","TalkToTheHand+1","Ragnarok+1","Tantrum+1","Weave","Halt","DevaForm","FearNoEvil+1","MentalFortress+1","FearNoEvil","JustLucky","Halt+1","JustLucky"],"potion_use_per_floor":[[],[],[],[],[],[],[],[],[],[],[],[],[],[],[],[],[],["Fruit Juice"],[],[],[],[],[],[],[],[],["SkillPotion"],["Fire Potion"],[],[],[],[],[],[],[],[],[],[],[],[],["SpeedPotion"],[],[],[],[],[],[],[],[],["FearPotion","Strength Potion","LiquidBronze","EntropicBrew","Explosive Potion"],[],[],[],[],[],["PowerPotion","BottledMiracle","Ambrosia","EntropicBrew","Dexterity Potion","SkillPotion","Swift Potion"],[]],"relics":["PureWater","StrikeDummy","Potion Belt","CloakClasp","Calling Bell","Centennial Puzzle","TeardropLocket","GoldenEye","Bag of Preparation","Girya","Nunchaku","Yang","SacredBark","Toy Ornithopter","Darkstone Periapt","Anchor","Dream Catcher","Bag of Marbles","Blue Candle"],"potions_floor_usage":[18,27,28,41,50,50,50,50,50,56,56,56,56,56,56,56],"damage_taken":[{"damage":0,"enemies":"Small Slimes","floor":1,"turns":1},{"damage":0,"enemies":"Jaw Worm","floor":2,"turns":4},{"damage":0,"enemies":"2 Louse","floor":5,"turns":2},{"damage":18,"enemies":"Lagavulin","floor":6,"turns":6},{"damage":13,"enemies":"Lots of Slimes","floor":8,"turns":3},{"damage":13,"enemies":"3 Sentries","floor":10,"turns":5},{"damage":0,"enemies":"Red Slaver","floor":11,"turns":2},{"damage":0,"enemies":"Lagavulin","floor":14,"turns":6},{"damage":8,"enemies":"The Guardian","floor":16,"turns":10},{"damage":0,"enemies":"3 Byrds","floor":18,"turns":6},{"damage":0,"enemies":"Spheric Guardian","floor":22,"turns":1},{"damage":0,"enemies":"Centurion and Healer","floor":24,"turns":3},{"damage":9,"enemies":"Slavers","floor":27,"turns":6},{"damage":0,"enemies":"Snake Plant","floor":28,"turns":2},{"damage":0,"enemies":"Snecko","floor":29,"turns":3},{"damage":0,"enemies":"Gremlin Leader","floor":31,"turns":2},{"damage":0,"enemies":"Automaton","floor":33,"turns":5},{"damage":2,"enemies":"3 Shapes","floor":35,"turns":6},{"damage":0,"enemies":"Orb Walker","floor":38,"turns":1},{"damage":2,"enemies":"Nemesis","floor":41,"turns":4},{"damage":0,"enemies":"Reptomancer","floor":44,"turns":3},{"damage":0,"enemies":"Maw","floor":45,"turns":5},{"damage":0,"enemies":"Giant Head","floor":46,"turns":6},{"damage":0,"enemies":"Jaw Worm Horde","floor":48,"turns":1},{"damage":0,"enemies":"Time Eater","floor":50,"turns":10},{"damage":28,"enemies":"Donu and Deca","floor":51,"turns":9},{"damage":2,"enemies":"Shield and Spear","floor":55,"turns":5},{"damage":17,"enemies":"The Heart","floor":56,"turns":7}],"seed_played":"-9121555801230653065","neow_bonus_log":{"cardsObtained":[],"cardsUpgraded":["Eruption"],"cardsRemoved":[],"cardsTransformed":[],"relicsObtained":[],"maxHpGained":0,"goldGained":0,"damageTaken":0,"goldLost":0,"maxHpLost":0},"potions_obtained":[{"floor":10,"key":"SpeedPotion"},{"floor":11,"key":"SkillPotion"},{"floor":14,"key":"Fruit Juice"},{"floor":16,"key":"FearPotion"},{"floor":18,"key":"Fire Potion"},{"floor":28,"key":"Strength Potion"},{"floor":35,"key":"LiquidBronze"},{"floor":46,"key":"EntropicBrew"}],"is_trial":false,"path_per_floor":["M","M","?","$","M","E","R","M","T","E","M","?","R","E","R","B",null,"M","$","?","?","M","R","M","R","T","E","M","M","$","E","R","B",null,"M","?","?","M","$","R","E","R","T","E","M","E","T","M","R","B","B",null,"R","$","E","B",null],"character_chosen":"WATCHER","items_purchased":["Crescendo","Bag of Preparation","Adaptation","FearNoEvil","Ambrosia","PowerPotion"],"campfire_rested":0,"item_purchase_floors":[4,19,19,39,54,54],"current_hp_per_floor":[61,61,61,61,61,43,43,30,30,17,17,39,39,39,39,31,59,64,64,64,64,64,64,64,64,64,55,55,55,55,55,55,55,69,67,67,67,67,67,67,65,65,65,65,65,65,65,65,65,69,41,62,62,62,60,69],"gold":71,"neow_bonus":"UPGRADE_CARD","is_prod":false,"is_daily":false,"rewards_skipped":[{"floor":55,"relics":[],"potions":["SkillPotion"]}],"chose_seed":false,"campfire_upgraded":6,"win_rate":0,"floor_exit_playtime":[38,71,84,90,132,200,214,281,295,389,434,439,447,530,550,689,775,893,926,942,967,1041,1046,1098,1105,1115,1253,1314,1387,1410,1500,1505,1626,1687,1784,1790,1794,1819,1858,1864,1958,1967,1969,2048,2160,2271,2276,2311,2316,2603,2797,2810,2824,2870,3065,3368],"timestamp":1654214203,"blue_key_relic_skipped_log":{"floor":9,"relicID":"Tiny Chest"},"path_taken":["M","M","?","$","M","E","R","M","T","E","M","?","R","E","R","BOSS","M","$","?","?","M","R","M","R","T","E","M","?","?","E","R","BOSS","M","?","?","M","?","R","E","R","T","E","M","E","?","?","R","BOSS","BOSS","R","$","E","BOSS"],"build_version":"2022-03-07","purchased_purges":2,"victory":true,"max_hp_per_floor":[68,68,68,68,68,68,68,68,68,68,68,68,68,68,68,68,68,73,73,73,73,73,73,73,73,73,73,73,73,73,73,73,73,73,73,73,69,69,69,69,69,69,69,69,69,69,69,69,69,69,69,69,69,69,69,69],"relic_stats":{"Darkstone Periapt":0,"Girya":3,"counters":[28,124],"Blue Candle":[2],"Yang":[198],"CloakClasp":[263],"Bag of Preparation":[36],"GoldenEye":[92],"Centennial Puzzle":[15],"Nunchaku":[21],"Dream Catcher":0,"PureWater":[21],"obtain_stats":[{"Potion Belt":10,"Darkstone Periapt":43,"Girya":26,"SacredBark":34,"Blue Candle":55,"Yang":31,"CloakClasp":14,"Bag of Preparation":19,"TeardropLocket":17,"GoldenEye":17,"Calling Bell":17,"Centennial Puzzle":17,"Nunchaku":27,"Anchor":44,"Dream Catcher":46,"Bag of Marbles":47,"PureWater":0,"StrikeDummy":6,"Toy Ornithopter":41},{"Potion Belt":6,"Darkstone Periapt":20,"Girya":12,"SacredBark":17,"Blue Candle":27,"Yang":16,"CloakClasp":8,"Bag of Preparation":10,"TeardropLocket":9,"GoldenEye":9,"Calling Bell":9,"Centennial Puzzle":9,"Nunchaku":13,"Anchor":21,"Dream Catcher":23,"Bag of Marbles":23,"PureWater":0,"StrikeDummy":4,"Toy Ornithopter":20},{"Potion Belt":21,"Darkstone Periapt":78,"Girya":49,"SacredBark":67,"Blue Candle":117,"Yang":62,"CloakClasp":29,"Bag of Preparation":45,"TeardropLocket":39,"GoldenEye":39,"Calling Bell":39,"Centennial Puzzle":39,"Nunchaku":55,"Anchor":81,"Dream Catcher":92,"Bag of Marbles":92,"PureWater":0,"StrikeDummy":13,"Toy Ornithopter":78}],"Toy Ornithopter":30},"card_choices":[{"not_picked":["Protect","Evaluate"],"picked":"MentalFortress","floor":1},{"not_picked":["BowlingBash","EmptyBody"],"picked":"EmptyFist","floor":2},{"not_picked":["Swivel","SignatureMove"],"picked":"Indignation","floor":5},{"not_picked":["Weave","ForeignInfluence"],"picked":"TalkToTheHand","floor":6},{"not_picked":["ClearTheMind","PathToVictory"],"picked":"Sanctity","floor":8},{"not_picked":["Crescendo","ThirdEye"],"picked":"Consecrate","floor":10},{"not_picked":["Prostrate","Crescendo"],"picked":"Protect","floor":11},{"not_picked":["SignatureMove","WheelKick"],"picked":"CutThroughFate","floor":14},{"not_picked":["MasterReality","Alpha"],"picked":"Vault","floor":16},{"not_picked":["Nirvana","Crescendo"],"picked":"CutThroughFate","floor":18},{"not_picked":["FlurryOfBlows","Swivel+1","SandsOfTime"],"picked":"SKIP","floor":22},{"not_picked":["FlurryOfBlows","Swivel+1","SandsOfTime"],"picked":"SKIP","floor":22},{"not_picked":["EmptyBody","ThirdEye"],"picked":"Ragnarok","floor":24},{"not_picked":["Wallop","Protect"],"picked":"Tantrum+1","floor":27},{"not_picked":["Consecrate","Prostrate"],"picked":"Weave","floor":28},{"not_picked":["EmptyFist","Ragnarok","Vengeance"],"picked":"SKIP","floor":29},{"not_picked":["BowlingBash","Evaluate"],"picked":"Halt","floor":31},{"not_picked":["Establishment","Brilliance"],"picked":"DevaForm","floor":33},{"not_picked":["WreathOfFlame","Wireheading"],"picked":"FearNoEvil+1","floor":35},{"not_picked":["ForeignInfluence","Indignation+1"],"picked":"MentalFortress+1","floor":38},{"not_picked":["EmptyMind","Study"],"picked":"JustLucky","floor":41},{"not_picked":["Establishment","ClearTheMind","Perseverance"],"picked":"SKIP","floor":44},{"not_picked":["SignatureMove","Consecrate"],"picked":"Halt+1","floor":45},{"not_picked":["Nirvana","ClearTheMind","Evaluate+1"],"picked":"SKIP","floor":46},{"not_picked":["Wallop+1","Perseverance"],"picked":"JustLucky","floor":48},{"not_picked":["WindmillStrike+1","CarveReality+1","Swivel"],"picked":"SKIP","floor":55}],"player_experience":7063916,"relics_obtained":[{"floor":6,"key":"StrikeDummy"},{"floor":10,"key":"Potion Belt"},{"floor":14,"key":"CloakClasp"},{"floor":17,"key":"Centennial Puzzle"},{"floor":17,"key":"TeardropLocket"},{"floor":17,"key":"GoldenEye"},{"floor":26,"key":"Girya"},{"floor":27,"key":"Nunchaku"},{"floor":31,"key":"Yang"},{"floor":41,"key":"Toy Ornithopter"},{"floor":43,"key":"Darkstone Periapt"},{"floor":44,"key":"Anchor"},{"floor":46,"key":"Dream Catcher"},{"floor":47,"key":"Bag of Marbles"},{"floor":55,"key":"Blue Candle"}],"event_choices":[{"cards_removed":["Defend_P"],"damage_healed":0,"gold_gain":0,"player_choice":"Card Removal","damage_taken":0,"max_hp_gain":0,"max_hp_loss":0,"event_name":"The Cleric","floor":3,"gold_loss":75},{"damage_healed":22,"gold_gain":0,"player_choice":"Banana","damage_taken":0,"max_hp_gain":0,"max_hp_loss":0,"event_name":"Big Fish","floor":12,"gold_loss":0},{"damage_healed":0,"gold_gain":0,"player_choice":"Simplicity","damage_taken":0,"max_hp_gain":0,"max_hp_loss":0,"event_name":"Back to Basics","floor":20,"gold_loss":0,"cards_upgraded":["Strike_P","Strike_P","Strike_P","Strike_P","Defend_P","Defend_P","Defend_P"]},{"damage_healed":0,"gold_gain":0,"player_choice":"Copied","damage_taken":0,"max_hp_gain":0,"max_hp_loss":0,"event_name":"Duplicator","floor":21,"gold_loss":0,"cards_obtained":["TalkToTheHand"]},{"cards_removed":["Strike_P"],"damage_healed":0,"gold_gain":0,"player_choice":"Removed Attack","damage_taken":0,"max_hp_gain":0,"max_hp_loss":0,"event_name":"Falling","floor":36,"gold_loss":0},{"damage_healed":0,"gold_gain":0,"player_choice":"Max HP","damage_taken":0,"max_hp_gain":0,"max_hp_loss":4,"event_name":"Winding Halls","floor":37,"gold_loss":0}],"is_beta":false,"boss_relics":[{"not_picked":["Empty Cage","Ectoplasm"],"picked":"Calling Bell"},{"not_picked":["Sozu","Black Star"],"picked":"SacredBark"}],"items_purged_floors":[30,39],"is_endless":false,"potions_floor_spawned":[10,11,14,16,18,28,35,46,55],"ascension_level":20,"potion_discard_per_floor":[[],[],[],[],[],[],[],[],[],[],[],[],[],[],[],[],[],[],[],[],[],[],[],[],[],[],[],[],[],[],[],[],[],[],[],[],[],[],[],[],[],[],[],[],[],[],[],[],[],[],[],[],[],["SkillPotion"],[],[],[]]}