{"neow_bonuses_skipped_log":["REMOVE_CARD","THREE_SMALL_POTIONS","BOSS_RELIC"],"neow_costs_skipped_log":["NONE","NONE","NONE"],"gold_per_floor":[109,119,119,119,139,139,168,168,241,571,584,584,584,173,173,247,247,258,258,274,274,1,1,29,29,29,42,42,76,76,107,107,178,178,215,230,255,255,255,282,317,342,368,368,402,418,418,450,462,474,486,498,510,72,100,100],"floor_reached":57,"playtime":4814,"items_purged":["Strike_P","Defend_P"],"score":3345,"play_id":"26a631ca-6876-491a-9085-c593cc5160b8","local_time":"20220607133906","is_ascension_mode":true,"campfire_choices":[{"data":"Wallop","floor":6,"key":"SMITH"},{"data":"EmptyFist","floor":8,"key":"SMITH"},{"data":"Meditate","floor":13,"key":"SMITH"},{"data":"DeusExMachina","floor":15,"key":"SMITH"},{"data":"EmptyMind","floor":23,"key":"SMITH"},{"data":"Vigilance","floor":28,"key":"SMITH"},{"data":"Devotion","floor":30,"key":"SMITH"},{"data":"Prostrate","floor":32,"key":"SMITH"},{"data":"MentalFortress","floor":44,"key":"SMITH"},{"floor":47,"key":"RECALL"},{"data":"CutThroughFate","floor":49,"key":"SMITH"},{"data":"JustLucky","floor":53,"key":"SMITH"}],"neow_cost":"TEN_PERCENT_HP_LOSS","seed_source_timestamp":2088561190409200,"shop_contents":[{"floor":14,"relics":["Regal Pillow"],"cards":["FlyingSleeves","Brilliance","Worship","ThirdEye","Fasting2","Dramatic Entrance","The Bomb"],"potions":["SmokeBomb","SteroidPotion","GamblersBrew"]},{"floor":22,"relics":["Happy Flower","TheAbacus"],"cards":["Weave","FlurryOfBlows","DeceiveReality","ConjureBlade","MentalFortress","Bandage Up","Apotheosis"],"potions":["Swift Potion","BottledMiracle","Ancient Potion"]},{"floor":25,"relics":["Letter Opener","Sundial","Strange Spoon"],"cards":["JustLucky","BowlingBash","Sanctity","EmptyBody","MentalFortress","Mind Blast","The Bomb"],"potions":["DuplicationPotion","Fire Potion","StancePotion"]},{"floor":54,"relics":["Pear"],"cards":["BowlingBash","CarveReality","ThirdEye","Crescendo","LikeWater","Flash of Steel","Secret Weapon"],"potions":["DuplicationPotion","Weak Potion","SteroidPotion"]}],"circlet_count":0,"master_deck":["AscendersBane","Eruption+1","Vigilance+1","EmptyFist+1","DeusExMachina+1","Wallop+1","ConjureBlade+1","FearNoEvil","CutThroughFate+1","Meditate+1","DeusExMachina+1","ForeignInfluence+1","SignatureMove+1","DeceiveReality","JustLucky+1","EmptyMind+1","Devotion+1","Prostrate+1","ThirdEye+1","DeceiveReality+1","InnerPeace+1","MentalFortress+1","CutThroughFate"],"potion_use_per_floor":[[],[],[],[],[],[],[],[],[],[],[],[],[],[],[],[],[],[],[],[],[],[],[],[],[],[],[],[],["Energy Potion"],[],[],[],[],[],[],[],[],[],[],["DistilledChaos"],[],[],[],[],[],[],[],[],[],[],[],[],[],[],["Ambrosia"],["CultistPotion","DuplicationPotion","Weak Potion"],[]],"relics":["PureWater","MealTicket","Yang","Old Coin","Medical Kit","Oddly Smooth Stone","Astrolabe","Enchiridion","Potion Belt","TungstenRod","HornCleat","Centennial Puzzle","InkBottle","SlaversCollar","WingedGreaves","Blood Vial","Ancient Tea Set","Vajra","Lizard Tail","MawBank","Mummified Hand","Lee\u0027s Waffle","Strawberry"],"potions_floor_usage":[29,40,55,56,56,56],"damage_taken":[{"damage":3,"enemies":"2 Louse","floor":1,"turns":3},{"damage":0,"enemies":"Small Slimes","floor":2,"turns":2},{"damage":0,"enemies":"Jaw Worm","floor":5,"turns":3},{"damage":7,"enemies":"3 Sentries","floor":7,"turns":5},{"damage":0,"enemies":"Lagavulin","floor":10,"turns":4},{"damage":0,"enemies":"Blue Slaver","floor":11,"turns":1},{"damage":24,"enemies":"Hexaghost","floor":16,"turns":4},{"damage":0,"enemies":"Chosen","floor":18,"turns":2},{"damage":0,"enemies":"Spheric Guardian","floor":20,"turns":2},{"damage":6,"enemies":"Book of Stabbing","floor":24,"turns":2},{"damage":0,"enemies":"Cultist and Chosen","floor":27,"turns":3},{"damage":0,"enemies":"Slavers","floor":29,"turns":4},{"damage":0,"enemies":"Book of Stabbing","floor":31,"turns":2},{"damage":3,"enemies":"Collector","floor":33,"turns":4},{"damage":0,"enemies":"3 Darklings","floor":35,"turns":3},{"damage":0,"enemies":"3 Shapes","floor":36,"turns":3},{"damage":0,"enemies":"Mind Bloom Boss Battle","floor":37,"turns":3},{"damage":0,"enemies":"Reptomancer","floor":40,"turns":4},{"damage":0,"enemies":"Nemesis","floor":41,"turns":7},{"damage":0,"enemies":"Giant Head","floor":42,"turns":4},{"damage":15,"enemies":"Reptomancer","floor":45,"turns":4},{"damage":0,"enemies":"Maw","floor":46,"turns":4},{"damage":8,"enemies":"Nemesis","floor":48,"turns":5},{"damage":0,"enemies":"Donu and Deca","floor":50,"turns":4},{"damage":30,"enemies":"Time Eater","floor":51,"turns":10},{"damage":0,"enemies":"Shield and Spear","floor":55,"turns":2},{"damage":26,"enemies":"The Heart","floor":56,"turns":7}],"seed_played":"4801396590196640972","neow_bonus_log":{"cardsObtained":["EmptyFist","DeusExMachina"],"cardsUpgraded":[],"cardsRemoved":[],"cardsTransformed":["Defend_P","Defend_P"],"relicsObtained":[],"maxHpGained":0,"goldGained":0,"damageTaken":0,"goldLost":0,"maxHpLost":6},"potions_obtained":[{"floor":5,"key":"BottledMiracle"},{"floor":7,"key":"DistilledChaos"},{"floor":18,"key":"Energy Potion"},{"floor":29,"key":"Ambrosia"},{"floor":31,"key":"Energy Potion"},{"floor":33,"key":"Weak Potion"},{"floor":40,"key":"CultistPotion"},{"floor":41,"key":"DuplicationPotion"}],"is_trial":false,"path_per_floor":["M","M","?","?","M","R","E","R","T","E","M","?","R","$","R","B",null,"M","?","M","?","$","R","E","$","T","M","R","E","R","E","R","B",null,"M","M","?","?","?","E","E","E","T","R","E","M","R","E","R","B","B",null,"R","$","E","B",null],"character_chosen":"WATCHER","items_purchased":["Medical Kit","Oddly Smooth Stone","Potion Belt","Mummified Hand","Lee\u0027s Waffle"],"campfire_rested":0,"item_purchase_floors":[14,14,22,54,54],"current_hp_per_floor":[58,58,58,39,39,39,32,32,32,32,32,32,32,47,47,23,52,52,31,31,31,46,46,40,55,55,55,55,55,55,55,55,52,60,60,60,60,60,59,59,59,59,59,59,44,46,46,40,40,42,14,48,48,66,73,47],"gold":100,"neow_bonus":"TRANSFORM_TWO_CARDS","is_prod":false,"is_daily":false,"rewards_skipped":[{"floor":11,"relics":[],"potions":["Fire Potion"]},{"floor":45,"relics":[],"potions":["SmokeBomb"]},{"floor":46,"relics":[],"potions":["Strength Potion"]}],"chose_seed":false,"campfire_upgraded":11,"win_rate":0,"floor_exit_playtime":[223,326,415,436,504,528,690,702,713,893,1009,1028,1038,1178,1187,1338,1526,1590,1664,1746,1806,1900,1907,2005,2012,2019,2077,2088,2268,2274,2335,2342,2492,2583,2689,2776,2877,2880,2894,3081,3266,3382,3386,3394,3571,3671,3675,3864,3877,3997,4318,4340,4359,4421,4529,4814],"timestamp":1654623546,"blue_key_relic_skipped_log":{"floor":43,"relicID":"Omamori"},"path_taken":["M","M","?","?","M","R","E","R","T","E","M","?","R","$","R","BOSS","M","?","M","?","$","R","E","?","T","?","R","E","R","E","R","BOSS","M","M","?","?","?","E","E","E","T","R","E","M","R","E","R","BOSS","BOSS","R","$","E","BOSS"],"build_version":"2022-03-07","purchased_purges":2,"victory":true,"max_hp_per_floor":[62,62,62,62,62,62,62,62,62,62,62,62,62,62,62,62,62,62,62,62,62,62,62,62,62,62,62,62,62,62,62,62,62,62,62,62,62,62,59,59,59,59,59,59,59,59,59,59,59,59,59,59,59,66,73,73],"relic_stats":{"Lee\u0027s Waffle":7,"counters":[27,101],"Astrolabe":["DeusExMachina","ForeignInfluence","SignatureMove"],"Yang":[215],"Medical Kit":[14],"Ancient Tea Set":[8],"MawBank":72,"Blood Vial":8,"Centennial Puzzle":[20],"Lizard Tail":0,"Mummified Hand":[9],"MealTicket":56,"WingedGreaves":3,"PureWater":[20],"obtain_stats":[{"Potion Belt":22,"Lee\u0027s Waffle":54,"Astrolabe":17,"Oddly Smooth Stone":14,"Enchiridion":19,"Vajra":42,"Yang":9,"Medical Kit":14,"Ancient Tea Set":41,"MawBank":48,"Old Coin":10,"Blood Vial":40,"SlaversCollar":34,"Centennial Puzzle":29,"Lizard Tail":45,"HornCleat":26,"Mummified Hand":54,"Strawberry":55,"MealTicket":7,"WingedGreaves":37,"PureWater":0,"TungstenRod":24,"InkBottle":31},{"Potion Belt":9,"Lee\u0027s Waffle":25,"Astrolabe":7,"Oddly Smooth Stone":6,"Enchiridion":8,"Vajra":20,"Yang":4,"Medical Kit":6,"Ancient Tea Set":19,"MawBank":23,"Old Coin":5,"Blood Vial":18,"SlaversCollar":14,"Centennial Puzzle":12,"Lizard Tail":21,"HornCleat":10,"Mummified Hand":25,"Strawberry":26,"MealTicket":4,"WingedGreaves":17,"PureWater":0,"TungstenRod":10,"InkBottle":13},{"Potion Belt":26,"Lee\u0027s Waffle":92,"Astrolabe":22,"Oddly Smooth Stone":18,"Enchiridion":24,"Vajra":65,"Yang":13,"Medical Kit":18,"Ancient Tea Set":61,"MawBank":78,"Old Coin":17,"Blood Vial":54,"SlaversCollar":41,"Centennial Puzzle":35,"Lizard Tail":69,"HornCleat":28,"Mummified Hand":92,"Strawberry":94,"MealTicket":13,"WingedGreaves":50,"PureWater":0,"TungstenRod":28,"InkBottle":37}],"TungstenRod":24,"InkBottle":[45]},"card_choices":[{"not_picked":["CrushJoints","Evaluate"],"picked":"Wallop","floor":1},{"not_picked":["SashWhip","FlyingSleeves","EmptyBody"],"picked":"SKIP","floor":2},{"not_picked":["CarveReality","BowlingBash"],"picked":"FearNoEvil","floor":5},{"not_picked":["Brilliance","BowlingBash","FlurryOfBlows"],"picked":"SKIP","floor":7},{"not_picked":["EmptyBody","WaveOfTheHand"],"picked":"CutThroughFate","floor":10},{"not_picked":["CutThroughFate","BowlingBash"],"picked":"Meditate","floor":11},{"not_picked":["Evaluate","Crescendo"],"picked":"DeceiveReality","floor":18},{"not_picked":["Worship","Study+1"],"picked":"JustLucky","floor":20},{"not_picked":["Prostrate","Halt","Nirvana","EmptyBody","Wireheading","FlurryOfBlows","CutThroughFate","Fasting2","ThirdEye","Consecrate","ForeignInfluence","CrushJoints","ReachHeaven","Crescendo","EmptyFist","WreathOfFlame","SashWhip","FearNoEvil","Conclude"],"picked":"EmptyMind","floor":21},{"not_picked":["Consecrate","Wallop","Brilliance"],"picked":"SKIP","floor":24},{"not_picked":["ClearTheMind+1","Halt","EmptyBody"],"picked":"SKIP","floor":27},{"not_picked":["Nirvana","Protect"],"picked":"Devotion","floor":29},{"not_picked":["Fasting2","Evaluate"],"picked":"Prostrate","floor":31},{"not_picked":["Wireheading","DeceiveReality"],"picked":"ThirdEye+1","floor":35},{"not_picked":["Sanctity","ThirdEye"],"picked":"DeceiveReality+1","floor":36},{"not_picked":["JustLucky","Evaluate"],"picked":"InnerPeace+1","floor":37},{"not_picked":["CrushJoints","SandsOfTime"],"picked":"MentalFortress","floor":40},{"not_picked":["LessonLearned","CarveReality","BowlingBash"],"picked":"SKIP","floor":41},{"not_picked":["LessonLearned","CarveReality","BowlingBash"],"picked":"SKIP","floor":41},{"not_picked":["Protect+1","DeusExMachina","EmptyBody"],"picked":"SKIP","floor":42},{"not_picked":["SignatureMove","FearNoEvil","LikeWater"],"picked":"SKIP","floor":45},{"not_picked":["Evaluate+1","ReachHeaven","PathToVictory"],"picked":"SKIP","floor":46},{"not_picked":["Protect","Consecrate"],"picked":"CutThroughFate","floor":48},{"not_picked":["CarveReality+1","BowlingBash","Fasting2"],"picked":"SKIP","floor":55}],"player_experience":7088768,"relics_obtained":[{"floor":7,"key":"MealTicket"},{"floor":9,"key":"Yang"},{"floor":10,"key":"Old Coin"},{"floor":19,"key":"Enchiridion"},{"floor":24,"key":"TungstenRod"},{"floor":26,"key":"HornCleat"},{"floor":29,"key":"Centennial Puzzle"},{"floor":31,"key":"InkBottle"},{"floor":37,"key":"WingedGreaves"},{"floor":40,"key":"Blood Vial"},{"floor":41,"key":"Ancient Tea Set"},{"floor":42,"key":"Vajra"},{"floor":45,"key":"Lizard Tail"},{"floor":48,"key":"MawBank"},{"floor":55,"key":"Strawberry"}],"event_choices":[{"damage_healed":0,"gold_gain":0,"cards_transformed":["Strike_P"],"player_choice":"Change","damage_taken":0,"max_hp_gain":0,"max_hp_loss":0,"event_name":"Living Wall","floor":3,"gold_loss":0,"cards_obtained":["ConjureBlade"]},{"damage_healed":0,"gold_gain":0,"player_choice":"Entered Light","damage_taken":19,"max_hp_gain":0,"max_hp_loss":0,"event_name":"Shining Light","floor":4,"gold_loss":0,"cards_upgraded":["ConjureBlade","Eruption"]},{"damage_healed":0,"gold_gain":0,"player_choice":"Ignored","damage_taken":0,"max_hp_gain":0,"max_hp_loss":0,"event_name":"Liars Game","floor":12,"gold_loss":0},{"damage_healed":0,"gold_gain":0,"player_choice":"Obtained Book","damage_taken":21,"max_hp_gain":0,"max_hp_loss":0,"event_name":"Cursed Tome","floor":19,"gold_loss":0},{"damage_healed":0,"gold_gain":0,"player_choice":"Read","damage_taken":0,"max_hp_gain":0,"max_hp_loss":0,"event_name":"The Library","floor":21,"gold_loss":0,"cards_obtained":["EmptyMind"]},{"damage_healed":0,"gold_gain":0,"player_choice":"Fight","damage_taken":0,"max_hp_gain":0,"max_hp_loss":0,"event_name":"MindBloom","floor":37,"gold_loss":0},{"damage_healed":0,"gold_gain":0,"player_choice":"Ignored","damage_taken":0,"max_hp_gain":0,"max_hp_loss":0,"event_name":"Tomb of Lord Red Mask","floor":38,"gold_loss":0},{"damage_healed":0,"gold_gain":0,"player_choice":"Max HP","damage_taken":0,"max_hp_gain":0,"max_hp_loss":3,"event_name":"Winding Halls","floor":39,"gold_loss":0}],"is_beta":false,"boss_relics":[{"not_picked":["Black Star","Runic Dome"],"picked":"Astrolabe"},{"not_picked":["Calling Bell","Fusion Hammer"],"picked":"SlaversCollar"}],"items_purged_floors":[14,22],"is_endless":false,"potions_floor_spawned":[5,7,11,18,29,31,33,40,41,45,46],"ascension_level":20,"potion_discard_per_floor":[[],[],[],[],[],[],[],[],[],[],[],[],[],[],[],[],[],["BottledMiracle"],[],[],[],[],[],[],[],[],[],[],[],[],[],[],[],[],[],[],[],[],[],[],["Energy Potion"],[],[],[],[],[],[],[],[],[],[],[],[],[],[],[],[]]}