{"gold_per_floor":[165,181,106,106,31,63,63,63,88,108,142,168,193,207,207,280,280,300,33,33,58,71,71,98,98,98,98,132,147,159,169,169,245,245,255,255,255,267,267,295,295,321,348,362,400,400,58,68,68,68,68,68,68,15,49,49],"floor_reached":57,"playtime":6099,"items_purged":["Defend_P","Defend_P+1"],"score":3392,"play_id":"d46bc2f6-e36a-4da2-beb7-f6236c94fac8","local_time":"20220609213548","is_ascension_mode":true,"campfire_choices":[{"data":"Eruption","floor":7,"key":"SMITH"},{"data":"FlurryOfBlows","floor":15,"key":"SMITH"},{"data":"Scrawl","floor":23,"key":"SMITH"},{"data":"Ghostly","floor":25,"key":"SMITH"},{"data":"Ghostly","floor":32,"key":"SMITH"},{"data":"Ghostly","floor":41,"key":"SMITH"},{"floor":49,"key":"RECALL"},{"data":"FlurryOfBlows","floor":53,"key":"SMITH"}],"neow_cost":"NONE","seed_source_timestamp":23216267996600,"shop_contents":[{"floor":5,"relics":["Sundial","StrikeDummy","Lee\u0027s Waffle"],"cards":["WheelKick","Ragnarok","Meditate","Worship","LikeWater","Enlightenment","Panache"],"potions":["Swift Potion","DuplicationPotion","SteroidPotion"]},{"floor":19,"relics":["StoneCalendar","TheAbacus"],"cards":["BowlingBash","EmptyFist","WreathOfFlame","ThirdEye","Wireheading","Forethought","Apotheosis"],"potions":["BottledMiracle","Ambrosia","SkillPotion"]},{"floor":47,"relics":["Prayer Wheel","Chemical X"],"cards":["SashWhip","FlurryOfBlows","Pray","PathToVictory","Wireheading","Impatience","Secret Weapon"],"potions":["Weak Potion","Strength Potion"]},{"floor":54,"relics":["Thread and Needle","Blood Vial","HandDrill"],"cards":["FlurryOfBlows","FlyingSleeves","Prostrate","Pray","Adaptation","Madness","Sadistic Nature"],"potions":["Explosive Potion","SteroidPotion"]}],"circlet_count":0,"master_deck":["AscendersBane","Strike_P","Strike_P","Strike_P","Strike_P","Eruption+1","Vigilance","EmptyFist","Crescendo","InnerPeace","FlurryOfBlows+1","MentalFortress+1","Scrawl+1","Ghostly+1","Ghostly+1","Ghostly+1","FlurryOfBlows+1","CrushJoints+1","InnerPeace","Wallop"],"potion_use_per_floor":[[],[],[],[],[],["EssenceOfSteel"],[],[],[],[],[],[],["Swift Potion"],[],[],[],[],[],[],[],[],[],[],[],[],[],[],[],[],[],[],[],[],[],[],[],[],[],[],[],[],[],[],[],[],[],[],[],[],[],["DuplicationPotion"],[],[],[],[],["Strength Potion","SkillPotion","DistilledChaos","Swift Potion"],[]],"relics":["Tiny House","Letter Opener","Bag of Preparation","Lantern","Odd Mushroom","Ancient Tea Set","Runic Pyramid","Shuriken","Juzu Bracelet","VioletLotus","MealTicket","CaptainsWheel","CeramicFish","Bronze Scales","Potion Belt","Akabeko"],"potions_floor_usage":[6,13,51,56,56,56,56],"damage_taken":[{"damage":4,"enemies":"Small Slimes","floor":1,"turns":4},{"damage":0,"enemies":"Cultist","floor":2,"turns":4},{"damage":13,"enemies":"3 Sentries","floor":6,"turns":9},{"damage":0,"enemies":"Jaw Worm","floor":10,"turns":1},{"damage":0,"enemies":"Gremlin Nob","floor":11,"turns":2},{"damage":0,"enemies":"The Mushroom Lair","floor":12,"turns":2},{"damage":4,"enemies":"3 Sentries","floor":13,"turns":5},{"damage":0,"enemies":"2 Fungi Beasts","floor":14,"turns":2},{"damage":16,"enemies":"Hexaghost","floor":16,"turns":6},{"damage":0,"enemies":"Chosen","floor":18,"turns":2},{"damage":0,"enemies":"Shell Parasite","floor":22,"turns":2},{"damage":0,"enemies":"Gremlin Leader","floor":24,"turns":3},{"damage":0,"enemies":"Slavers","floor":28,"turns":3},{"damage":0,"enemies":"Centurion and Healer","floor":29,"turns":3},{"damage":0,"enemies":"Snecko","floor":30,"turns":4},{"damage":2,"enemies":"3 Cultists","floor":31,"turns":3},{"damage":0,"enemies":"Automaton","floor":33,"turns":3},{"damage":0,"enemies":"3 Shapes","floor":35,"turns":2},{"damage":0,"enemies":"3 Darklings","floor":38,"turns":2},{"damage":0,"enemies":"Giant Head","floor":40,"turns":4},{"damage":1,"enemies":"Nemesis","floor":42,"turns":3},{"damage":0,"enemies":"Sphere and 2 Shapes","floor":44,"turns":3},{"damage":0,"enemies":"Giant Head","floor":45,"turns":3},{"damage":0,"enemies":"Spire Growth","floor":48,"turns":2},{"damage":0,"enemies":"Donu and Deca","floor":50,"turns":5},{"damage":0,"enemies":"Time Eater","floor":51,"turns":6},{"damage":0,"enemies":"Shield and Spear","floor":55,"turns":5},{"damage":23,"enemies":"The Heart","floor":56,"turns":7}],"seed_played":"4079691165194242229","neow_bonus_log":{"cardsObtained":[],"cardsUpgraded":[],"cardsRemoved":[],"cardsTransformed":[],"relicsObtained":["Tiny House"],"maxHpGained":0,"goldGained":0,"damageTaken":0,"goldLost":0,"maxHpLost":0},"potions_obtained":[{"floor":0,"key":"DistilledChaos"},{"floor":1,"key":"EssenceOfSteel"},{"floor":10,"key":"Swift Potion"},{"floor":16,"key":"EssenceOfSteel"},{"floor":40,"key":"Swift Potion"},{"floor":48,"key":"SkillPotion"}],"is_trial":false,"path_per_floor":["M","M","?","?","$","E","R","?","T","M","E","?","E","M","R","B",null,"M","$","?","T","M","R","E","R","T","?","E","M","M","M","R","B",null,"M","?","?","M","?","E","R","E","T","M","E","?","$","M","R","B","B",null,"R","$","E","B",null],"character_chosen":"WATCHER","items_purchased":["Shuriken","Potion Belt","DuplicationPotion","Strength Potion"],"campfire_rested":0,"item_purchase_floors":[19,47,47,54],"current_hp_per_floor":[62,62,62,55,55,42,42,42,42,42,42,42,38,38,38,22,60,60,60,36,36,36,36,36,36,36,36,36,36,36,34,34,34,36,36,36,36,36,34,34,34,33,33,33,33,33,34,34,34,34,34,34,34,34,34,11],"gold":49,"neow_bonus":"BOSS_RELIC","is_prod":false,"is_daily":false,"rewards_skipped":[{"floor":12,"relics":[],"potions":["FairyPotion"]},{"floor":24,"relics":["Bottled Tornado"],"potions":[]},{"floor":28,"relics":["Dead Branch"],"potions":["EssenceOfSteel"]},{"floor":29,"relics":[],"potions":["Explosive Potion"]},{"floor":30,"relics":[],"potions":["EssenceOfSteel"]},{"floor":42,"relics":[],"potions":["LiquidMemories"]}],"chose_seed":false,"campfire_upgraded":7,"win_rate":0,"floor_exit_playtime":[237,300,328,335,384,564,571,579,583,648,749,931,1182,1241,1251,1382,1727,1872,1985,1998,2004,2174,2194,2371,2422,2426,2537,2692,2796,2905,3093,3104,3224,3286,3382,3404,3407,3521,3664,3874,3882,4006,4009,4105,4181,4199,4509,4554,4558,4747,5325,5349,5360,5413,5627,6099],"timestamp":1654824948,"blue_key_relic_skipped_log":{"floor":21,"relicID":"Regal Pillow"},"path_taken":["M","M","?","?","$","E","R","?","T","M","E","?","E","M","R","BOSS","M","?","?","?","M","R","E","R","T","?","E","M","M","M","R","BOSS","M","?","?","M","?","E","R","E","T","M","E","?","?","M","R","BOSS","BOSS","R","$","E","BOSS"],"build_version":"2022-03-07","purchased_purges":2,"victory":true,"max_hp_per_floor":[73,73,73,73,73,73,73,73,73,73,73,73,73,73,73,73,73,73,73,36,36,36,36,36,36,36,36,36,36,36,36,36,36,36,36,36,36,36,34,34,34,34,34,34,34,34,34,34,34,34,34,34,34,34,34,34],"relic_stats":{"counters":[28,100],"Shuriken":[94],"CeramicFish":18,"Bronze Scales":[141],"MealTicket":1,"VioletLotus":[27],"Bag of Preparation":[50],"Juzu Bracelet":0,"Letter Opener":[172],"Ancient Tea Set":[14],"obtain_stats":[{"Potion Belt":47,"Lantern":11,"Tiny House":0,"CeramicFish":43,"Bag of Preparation":9,"Juzu Bracelet":26,"Letter Opener":6,"Odd Mushroom":12,"Ancient Tea Set":13,"Akabeko":55,"CaptainsWheel":42,"Shuriken":19,"Bronze Scales":45,"MealTicket":40,"VioletLotus":34,"PureWater":0,"Runic Pyramid":17},{"Potion Belt":23,"Lantern":5,"Tiny House":0,"CeramicFish":21,"Bag of Preparation":3,"Juzu Bracelet":12,"Letter Opener":3,"Odd Mushroom":6,"Ancient Tea Set":7,"Akabeko":27,"CaptainsWheel":21,"Shuriken":10,"Bronze Scales":23,"MealTicket":20,"VioletLotus":17,"PureWater":0,"Runic Pyramid":9},{"Potion Belt":75,"Lantern":20,"Tiny House":0,"CeramicFish":69,"Bag of Preparation":17,"Juzu Bracelet":42,"Letter Opener":17,"Odd Mushroom":22,"Ancient Tea Set":27,"Akabeko":93,"CaptainsWheel":69,"Shuriken":37,"Bronze Scales":75,"MealTicket":66,"VioletLotus":58,"PureWater":0,"Runic Pyramid":35}]},"card_choices":[{"not_picked":["BattleHymn","Consecrate"],"picked":"EmptyFist","floor":0},{"not_picked":["CrushJoints","LikeWater"],"picked":"Crescendo","floor":1},{"not_picked":["SashWhip","EmptyFist","ClearTheMind"],"picked":"SKIP","floor":2},{"not_picked":["ThirdEye","Wireheading"],"picked":"InnerPeace","floor":6},{"not_picked":["Consecrate","Wish"],"picked":"FlurryOfBlows","floor":10},{"not_picked":["CarveReality","Fasting2","Perseverance"],"picked":"SKIP","floor":11},{"not_picked":["CutThroughFate","ClearTheMind"],"picked":"MentalFortress","floor":12},{"not_picked":["ThirdEye","EmptyFist","Conclude"],"picked":"SKIP","floor":13},{"not_picked":["Protect","SignatureMove","Weave"],"picked":"SKIP","floor":14},{"not_picked":["Protect","SignatureMove","Weave"],"picked":"SKIP","floor":14},{"not_picked":["Blasphemy","Brilliance"],"picked":"Scrawl","floor":16},{"not_picked":["Wallop","WheelKick","FearNoEvil"],"picked":"SKIP","floor":18},{"not_picked":["CrushJoints","ReachHeaven","Prostrate"],"picked":"SKIP","floor":22},{"not_picked":["CrushJoints","ReachHeaven","Prostrate"],"picked":"SKIP","floor":22},{"not_picked":["CrushJoints","ReachHeaven","Prostrate"],"picked":"SKIP","floor":22},{"not_picked":["LikeWater","Meditate","Pray"],"picked":"SKIP","floor":24},{"not_picked":["ForeignInfluence","Nirvana","Protect"],"picked":"SKIP","floor":28},{"not_picked":["ClearTheMind","ForeignInfluence+1","CrushJoints"],"picked":"SKIP","floor":29},{"not_picked":["Nirvana","Study","EmptyMind"],"picked":"SKIP","floor":30},{"not_picked":["CrushJoints","SandsOfTime"],"picked":"FlurryOfBlows","floor":31},{"not_picked":["FollowUp+1","Conclude","SashWhip"],"picked":"SKIP","floor":35},{"not_picked":["ClearTheMind+1","JustLucky"],"picked":"CrushJoints+1","floor":38},{"not_picked":["Blasphemy","Worship","Weave"],"picked":"SKIP","floor":40},{"not_picked":["Blasphemy","Worship","Weave"],"picked":"SKIP","floor":40},{"not_picked":["SandsOfTime+1","Fasting2","PathToVictory"],"picked":"SKIP","floor":42},{"not_picked":["ThirdEye","LikeWater+1","Nirvana"],"picked":"SKIP","floor":44},{"not_picked":["ClearTheMind+1","ThirdEye+1"],"picked":"InnerPeace","floor":45},{"not_picked":["Halt","Vengeance","PathToVictory"],"picked":"SKIP","floor":48},{"not_picked":["BattleHymn","ThirdEye"],"picked":"Wallop","floor":55}],"player_experience":12950851,"relics_obtained":[{"floor":6,"key":"Letter Opener"},{"floor":9,"key":"Bag of Preparation"},{"floor":11,"key":"Lantern"},{"floor":12,"key":"Odd Mushroom"},{"floor":13,"key":"Ancient Tea Set"},{"floor":26,"key":"Juzu Bracelet"},{"floor":40,"key":"MealTicket"},{"floor":42,"key":"CaptainsWheel"},{"floor":43,"key":"CeramicFish"},{"floor":45,"key":"Bronze Scales"},{"floor":55,"key":"Akabeko"}],"event_choices":[{"cards_removed":["Defend_P"],"damage_healed":0,"gold_gain":0,"player_choice":"Card Removal","damage_taken":0,"max_hp_gain":0,"max_hp_loss":0,"event_name":"The Cleric","floor":3,"gold_loss":75},{"cards_removed":["Defend_P"],"damage_healed":0,"gold_gain":0,"player_choice":"Card Removal","damage_taken":7,"max_hp_gain":0,"max_hp_loss":0,"event_name":"Golden Wing","floor":4,"gold_loss":0},{"damage_healed":0,"gold_gain":0,"player_choice":"Ignored","damage_taken":0,"max_hp_gain":0,"max_hp_loss":0,"event_name":"Liars Game","floor":8,"gold_loss":0},{"damage_healed":0,"gold_gain":0,"player_choice":"Fought Mushrooms","damage_taken":0,"max_hp_gain":0,"max_hp_loss":0,"event_name":"Mushrooms","floor":12,"gold_loss":0},{"damage_healed":0,"gold_gain":0,"player_choice":"Became a Ghost","damage_taken":0,"max_hp_gain":0,"max_hp_loss":37,"event_name":"Ghosts","floor":20,"gold_loss":0,"cards_obtained":["Ghostly","Ghostly","Ghostly"]},{"damage_healed":0,"gold_gain":0,"player_choice":"0 cards matched","damage_taken":0,"max_hp_gain":0,"max_hp_loss":0,"event_name":"Match and Keep!","floor":27,"gold_loss":0,"cards_obtained":[]},{"damage_healed":0,"gold_gain":0,"player_choice":"0 cards matched","damage_taken":0,"max_hp_gain":0,"max_hp_loss":0,"event_name":"Match and Keep!","floor":27,"gold_loss":0,"cards_obtained":[]},{"damage_healed":0,"gold_gain":0,"player_choice":"0 cards matched","damage_taken":0,"max_hp_gain":0,"max_hp_loss":0,"event_name":"Match and Keep!","floor":36,"gold_loss":0,"cards_obtained":[]},{"damage_healed":0,"gold_gain":0,"player_choice":"Ignored","damage_taken":0,"max_hp_gain":0,"max_hp_loss":0,"event_name":"Tomb of Lord Red Mask","floor":37,"gold_loss":0},{"damage_healed":0,"gold_gain":0,"player_choice":"Max HP","damage_taken":0,"max_hp_gain":0,"max_hp_loss":2,"event_name":"Winding Halls","floor":39,"gold_loss":0},{"damage_healed":0,"gold_gain":0,"player_choice":"Forge","damage_taken":0,"max_hp_gain":0,"max_hp_loss":0,"event_name":"Accursed Blacksmith","floor":46,"gold_loss":0,"cards_upgraded":["MentalFortress"]}],"is_beta":false,"boss_relics":[{"not_picked":["Fusion Hammer","SlaversCollar"],"picked":"Runic Pyramid"},{"not_picked":["Busted Crown","SacredBark"],"picked":"VioletLotus"}],"items_purged_floors":[5,47],"is_endless":false,"potions_floor_spawned":[1,10,12,16,28,29,30,40,42,48],"ascension_level":20,"potion_discard_per_floor":[[],[],[],[],[],[],[],[],[],[],[],[],[],[],[],[],[],[],[],[],[],[],[],[],[],[],[],[],[],[],[],[],[],[],[],[],[],[],[],["EssenceOfSteel"],[],[],[],[],[],[],[],[],[],[],[],[],[],[],[],[],[]]}