{"neow_bonuses_skipped_log":["ONE_RANDOM_RARE_CARD","RANDOM_COMMON_RELIC","BOSS_RELIC"],"neow_costs_skipped_log":["NONE","NONE","NONE"],"gold_per_floor":[119,138,156,166,179,179,209,209,209,209,209,251,12,56,56,142,142,165,188,214,53,82,82,116,116,116,116,125,137,176,202,202,281,281,298,319,319,353,363,398,398,435,460,521,521,73,116,134,134,134,134,134,134,77,120,120],"floor_reached":57,"playtime":3864,"items_purged":["Defend_P","Pain"],"score":2925,"play_id":"11900d1b-3b09-4c55-97d6-1dc451bbcb99","local_time":"20220614201832","falling_options_log":["Armaments+1","Adaptation+1"],"score_breakdown":["Floors Climbed (57): 285","Enemies Slain (15): 30","Exordium Elites Killed (3): 30","City Elites Killed (2): 40","Beyond Elites Killed (3): 90","Bosses Slain (5): 750","Money Money (1024): 25","Champion (4): 100","Ascension (20): 1325","Heartbreaker: 250"],"is_ascension_mode":true,"campfire_choices":[{"data":"Eruption","floor":6,"key":"SMITH"},{"data":"Panache","floor":8,"key":"SMITH"},{"data":"Study","floor":10,"key":"SMITH"},{"data":"Armaments","floor":15,"key":"SMITH"},{"data":"Adaptation","floor":23,"key":"SMITH"},{"data":"Phantasmal Killer","floor":25,"key":"SMITH"},{"data":"Venomology","floor":27,"key":"SMITH"},{"data":"Seek","floor":32,"key":"SMITH"},{"floor":41,"key":"RECALL"},{"data":"Disarm","floor":45,"key":"SMITH"},{"floor":49,"key":"REST"},{"floor":53,"key":"REST"}],"neow_cost":"TEN_PERCENT_HP_LOSS","seed_source_timestamp":2718226046256900,"shop_contents":[{"floor":13,"relics":["Damaru","Mummified Hand"],"cards":["Wallop+1","FlurryOfBlows+1","Evaluate","Halt","Establishment","Impatience","The Bomb"],"potions":["BlessingOfTheForge","FearPotion","Block Potion"]},{"floor":21,"relics":["Bottled Lightning","Blood Vial"],"cards":["SashWhip+1","BowlingBash+1","Swivel","DeusExMachina","Nirvana","Good Instincts","Thinking Ahead"],"potions":["EntropicBrew","BottledMiracle","GamblersBrew"]},{"floor":46,"relics":["Omamori","War Paint"],"cards":["SignatureMove+1","ReachHeaven+1","ClearTheMind","PanicButton","Mayhem"],"potions":["PowerPotion","AttackPotion","LiquidBronze"]},{"floor":54,"relics":["Pocketwatch","Gremlin Horn","HandDrill"],"cards":["LessonLearned+1","BowlingBash+1","EmptyBody","Meditate","BattleHymn","Mind Blast+1","Metamorphosis"],"potions":["Dexterity Potion","Dexterity Potion"]}],"circlet_count":0,"master_deck":["AscendersBane","Strike_P","Strike_P","Strike_P","Defend_P","Defend_P","Defend_P","Eruption+1","Vigilance","Panache+1","FlurryOfBlows","CarveReality","FollowUp","Study+1","Adaptation+1","Evaluate","Wallop+1","Armaments+1","Phantasmal Killer+1","Hologram+1","Flash of Steel+1","Dagger Spray+1","Acrobatics+1","Venomology+1","Seek+1","EmptyFist+1","Disarm+1","Machine Learning","Thunderclap+1","Wallop+1","Pray","Devotion","SpiritShield","Pommel Strike+1"],"potion_use_per_floor":[[],[],[],[],[],[],[],[],[],[],[],["ColorlessPotion"],[],["Swift Potion"],[],[],[],[],[],[],[],["SkillPotion"],[],["AttackPotion"],[],[],[],[],[],["Swift Potion"],["FearPotion"],[],["LiquidMemories","Energy Potion"],[],["SteroidPotion"],["Swift Potion"],[],[],[],["Regen Potion","Swift Potion"],[],[],[],["Block Potion","FearPotion"],[],[],["Energy Potion","EntropicBrew","Block Potion"],[],[],["GamblersBrew"],["Dexterity Potion","Block Potion"],[],[],[],["SteroidPotion","DistilledChaos"],["Strength Potion","PowerPotion","LiquidMemories"],[]],"relics":["HolyWater","Molten Egg 2","Blue Candle","CeramicFish","PrismaticShard","Gambling Chip","Sling","Strawberry","Mercury Hourglass","WarpedTongs","Toy Ornithopter","Runic Dome","FossilizedHelix","Sundial","Ornamental Fan","Incense Burner","OrangePellets","Vajra","Lantern"],"potions_floor_usage":[12,14,22,24,30,31,33,33,35,36,40,40,44,44,47,47,47,50,51,51,55,55,56,56,56],"damage_taken":[{"damage":2,"enemies":"Cultist","floor":1,"turns":3},{"damage":0,"enemies":"2 Louse","floor":2,"turns":2},{"damage":0,"enemies":"Jaw Worm","floor":3,"turns":3},{"damage":0,"enemies":"Large Slime","floor":4,"turns":2},{"damage":0,"enemies":"Looter","floor":5,"turns":3},{"damage":17,"enemies":"3 Sentries","floor":7,"turns":8},{"damage":9,"enemies":"Lagavulin","floor":12,"turns":5},{"damage":1,"enemies":"Gremlin Nob","floor":14,"turns":3},{"damage":13,"enemies":"Hexaghost","floor":16,"turns":7},{"damage":0,"enemies":"Chosen","floor":18,"turns":3},{"damage":0,"enemies":"2 Thieves","floor":19,"turns":2},{"damage":4,"enemies":"3 Cultists","floor":20,"turns":3},{"damage":0,"enemies":"Snake Plant","floor":22,"turns":3},{"damage":2,"enemies":"Slavers","floor":24,"turns":3},{"damage":1,"enemies":"Centurion and Healer","floor":29,"turns":4},{"damage":1,"enemies":"Book of Stabbing","floor":30,"turns":2},{"damage":1,"enemies":"Cultist and Chosen","floor":31,"turns":2},{"damage":17,"enemies":"Collector","floor":33,"turns":6},{"damage":0,"enemies":"3 Darklings","floor":35,"turns":1},{"damage":1,"enemies":"3 Shapes","floor":36,"turns":4},{"damage":5,"enemies":"Mind Bloom Boss Battle","floor":38,"turns":4},{"damage":0,"enemies":"Spire Growth","floor":39,"turns":2},{"damage":0,"enemies":"Reptomancer","floor":40,"turns":2},{"damage":0,"enemies":"Giant Head","floor":42,"turns":4},{"damage":0,"enemies":"2 Orb Walkers","floor":44,"turns":3},{"damage":66,"enemies":"Reptomancer","floor":47,"turns":4},{"damage":0,"enemies":"Sphere and 2 Shapes","floor":48,"turns":3},{"damage":13,"enemies":"Donu and Deca","floor":50,"turns":7},{"damage":22,"enemies":"Time Eater","floor":51,"turns":11},{"damage":16,"enemies":"Shield and Spear","floor":55,"turns":3},{"damage":3,"enemies":"The Heart","floor":56,"turns":8}],"seed_played":"741850023226891792","neow_bonus_log":{"cardsObtained":[],"cardsUpgraded":[],"cardsRemoved":[],"cardsTransformed":[],"relicsObtained":[],"maxHpGained":0,"goldGained":0,"damageTaken":0,"goldLost":0,"maxHpLost":6},"potions_obtained":[{"floor":3,"key":"Swift Potion"},{"floor":5,"key":"ColorlessPotion"},{"floor":12,"key":"SkillPotion"},{"floor":14,"key":"AttackPotion"},{"floor":29,"key":"Energy Potion"},{"floor":38,"key":"BottledMiracle"},{"floor":39,"key":"Regen Potion"},{"floor":44,"key":"Energy Potion"},{"floor":55,"key":"Strength Potion"}],"is_trial":false,"path_per_floor":["M","M","M","M","M","R","E","R","T","R","?","E","$","E","R","B",null,"M","M","M","$","M","R","E","R","T","R","?","M","E","M","R","B",null,"M","M","?","?","M","E","R","E","T","?","R","$","E","M","R","B","B",null,"R","$","E","B",null],"character_chosen":"WATCHER","items_purchased":["PrismaticShard","Sling","OrangePellets","Pray","Devotion","PowerPotion"],"campfire_rested":2,"item_purchase_floors":[13,21,46,46,46,54],"current_hp_per_floor":[59,59,59,59,59,59,42,42,42,42,42,33,33,32,32,19,51,51,51,47,47,47,47,52,52,52,52,52,51,50,54,54,47,64,69,69,69,64,64,69,69,69,69,69,69,69,18,18,38,30,18,56,69,69,58,66],"gold":120,"neow_bonus":"RANDOM_COLORLESS_2","is_prod":false,"is_daily":false,"rewards_skipped":[{"floor":20,"relics":[],"potions":["Dexterity Potion"]},{"floor":30,"relics":[],"potions":["Weak Potion"]},{"floor":42,"relics":[],"potions":["Swift Potion"]},{"floor":48,"relics":[],"potions":["SkillPotion"]}],"chose_seed":false,"campfire_upgraded":9,"win_rate":0,"floor_exit_playtime":[84,118,158,185,250,259,380,405,413,420,442,528,554,628,641,829,888,966,1037,1107,1137,1228,1244,1382,1389,1394,1402,1422,1515,1600,1657,1665,1881,1919,1961,2026,2033,2166,2224,2295,2303,2432,2441,2527,2535,2575,2661,2730,2734,2919,3273,3284,3288,3303,3503,3864],"timestamp":1655252312,"blue_key_relic_skipped_log":{"floor":43,"relicID":"Orichalcum"},"path_taken":["M","M","M","M","?","R","E","R","T","R","?","E","$","E","R","BOSS","M","M","?","?","M","R","E","R","T","R","?","M","E","M","R","BOSS","M","?","?","?","M","E","R","E","T","?","R","$","E","M","R","BOSS","BOSS","R","$","E","BOSS"],"build_version":"2022-03-07","purchased_purges":2,"victory":true,"max_hp_per_floor":[62,62,62,62,62,62,62,62,62,62,62,62,62,62,62,62,62,62,62,62,62,62,62,69,69,69,69,69,69,69,69,69,69,69,69,69,69,69,69,69,69,69,69,69,69,69,69,69,69,69,69,69,69,69,69,69],"relic_stats":{"counters":[31,119],"Blue Candle":[7],"CeramicFish":171,"Mercury Hourglass":[279],"WarpedTongs":[68],"OrangePellets":[7],"Sundial":[4],"Ornamental Fan":[104],"Gambling Chip":[66],"HolyWater":[85],"obtain_stats":[{"Lantern":55,"Blue Candle":9,"CeramicFish":12,"Vajra":47,"Incense Burner":44,"PrismaticShard":13,"Sling":21,"Mercury Hourglass":26,"WarpedTongs":28,"Runic Dome":34,"OrangePellets":46,"Sundial":40,"Ornamental Fan":42,"Gambling Chip":14,"Strawberry":24,"HolyWater":17,"Molten Egg 2":7,"PureWater":0,"Toy Ornithopter":30,"FossilizedHelix":38},{"Lantern":30,"Blue Candle":6,"CeramicFish":7,"Vajra":26,"Incense Burner":25,"PrismaticShard":7,"Sling":12,"Mercury Hourglass":14,"WarpedTongs":14,"Runic Dome":18,"OrangePellets":25,"Sundial":23,"Ornamental Fan":24,"Gambling Chip":8,"Strawberry":14,"HolyWater":9,"Molten Egg 2":6,"PureWater":0,"Toy Ornithopter":16,"FossilizedHelix":21},{"Lantern":111,"Blue Candle":21,"CeramicFish":26,"Vajra":87,"Incense Burner":83,"PrismaticShard":26,"Sling":44,"Mercury Hourglass":50,"WarpedTongs":50,"Runic Dome":64,"OrangePellets":83,"Sundial":77,"Ornamental Fan":81,"Gambling Chip":29,"Strawberry":50,"HolyWater":36,"Molten Egg 2":21,"PureWater":0,"Toy Ornithopter":56,"FossilizedHelix":73}],"Toy Ornithopter":72,"FossilizedHelix":[46]},"card_choices":[{"not_picked":["Metamorphosis","Chrysalis"],"picked":"Panache","floor":0},{"not_picked":["JustLucky","Crescendo"],"picked":"FlurryOfBlows","floor":1},{"not_picked":["JustLucky","Consecrate"],"picked":"CarveReality","floor":2},{"not_picked":["FlyingSleeves","Swivel","Conclude"],"picked":"SKIP","floor":3},{"not_picked":["MentalFortress","Protect"],"picked":"FollowUp","floor":4},{"not_picked":["Indignation","WheelKick"],"picked":"Study","floor":5},{"not_picked":["FlurryOfBlows+1","MentalFortress"],"picked":"Adaptation","floor":7},{"not_picked":["Prostrate","Collect"],"picked":"Wallop+1","floor":12},{"not_picked":["ForeignInfluence","Devotion"],"picked":"Armaments","floor":14},{"not_picked":["Blasphemy","HandOfGreed+1"],"picked":"Phantasmal Killer","floor":16},{"not_picked":["Armaments","Halt"],"picked":"Hologram+1","floor":18},{"not_picked":["Endless Agony+1","Flex+1"],"picked":"Flash of Steel+1","floor":19},{"not_picked":["Anger+1","CarveReality+1"],"picked":"Dagger Spray+1","floor":20},{"not_picked":["ForeignInfluence","Bane+1"],"picked":"Acrobatics+1","floor":22},{"not_picked":["Heel Hook+1","True Grit"],"picked":"Venomology","floor":24},{"not_picked":["Quick Slash+1","Poisoned Stab+1","Deflect"],"picked":"SKIP","floor":29},{"not_picked":["Headbutt+1","Deep Breath"],"picked":"Seek","floor":30},{"not_picked":["PathToVictory","Defragment+1"],"picked":"EmptyFist+1","floor":31},{"not_picked":["Quick Slash+1","Purity"],"picked":"Disarm","floor":36},{"not_picked":["Blade Dance","Deadly Poison"],"picked":"Machine Learning","floor":38},{"not_picked":["Sweeping Beam+1","Steam+1","Deadly Poison"],"picked":"SKIP","floor":39},{"not_picked":["Heel Hook+1","Cleave+1","Dagger Spray+1"],"picked":"SKIP","floor":40},{"not_picked":["Acrobatics","Evaluate"],"picked":"Thunderclap+1","floor":42},{"not_picked":["Disarm","Anger+1"],"picked":"Wallop+1","floor":44},{"not_picked":["Sword Boomerang+1","EmptyFist+1"],"picked":"SpiritShield","floor":47},{"not_picked":["Coolheaded","Gash+1","Redo+1"],"picked":"SKIP","floor":48},{"not_picked":["Turbo","MasterReality"],"picked":"Pommel Strike+1","floor":55}],"player_experience":7172452,"relics_obtained":[{"floor":7,"key":"Molten Egg 2"},{"floor":9,"key":"Blue Candle"},{"floor":12,"key":"CeramicFish"},{"floor":14,"key":"Gambling Chip"},{"floor":24,"key":"Strawberry"},{"floor":26,"key":"Mercury Hourglass"},{"floor":30,"key":"Toy Ornithopter"},{"floor":38,"key":"FossilizedHelix"},{"floor":40,"key":"Sundial"},{"floor":42,"key":"Ornamental Fan"},{"floor":44,"key":"Incense Burner"},{"floor":47,"key":"Vajra"},{"floor":55,"key":"Lantern"}],"event_choices":[{"damage_healed":0,"gold_gain":0,"player_choice":"1 cards matched","damage_taken":0,"max_hp_gain":0,"max_hp_loss":0,"event_name":"Match and Keep!","floor":11,"gold_loss":0,"cards_obtained":["Evaluate"]},{"damage_healed":0,"gold_gain":0,"player_choice":"Rummage","damage_taken":0,"relics_obtained":["WarpedTongs"],"max_hp_gain":0,"max_hp_loss":0,"event_name":"Accursed Blacksmith","floor":28,"gold_loss":0,"cards_obtained":["Pain"]},{"cards_removed":["Strike_P"],"damage_healed":0,"gold_gain":0,"player_choice":"Removed Attack","damage_taken":0,"max_hp_gain":0,"max_hp_loss":0,"event_name":"Falling","floor":37,"gold_loss":0},{"damage_healed":0,"gold_gain":0,"player_choice":"Fight","damage_taken":0,"max_hp_gain":0,"max_hp_loss":0,"event_name":"MindBloom","floor":38,"gold_loss":0},{"damage_healed":0,"gold_gain":0,"player_choice":"Fight","damage_taken":0,"max_hp_gain":0,"max_hp_loss":0,"event_name":"Mysterious Sphere","floor":44,"gold_loss":0}],"is_beta":false,"boss_relics":[{"not_picked":["Fusion Hammer","Empty Cage"],"picked":"HolyWater"},{"not_picked":["Velvet Choker","Busted Crown"],"picked":"Runic Dome"}],"items_purged_floors":[13,46],"is_endless":false,"potions_floor_spawned":[3,5,12,14,20,29,30,38,39,42,44,48,55],"ascension_level":20,"potion_discard_per_floor":[[],[],[],[],[],[],[],[],[],[],[],[],[],[],[],[],[],[],[],[],[],[],[],[],[],[],[],[],[],[],[],[],[],[],[],[],[],["Ancient Potion"],["BottledMiracle"],[],[],[],[],[],[],[],[],[],[],[],[],[],[],[],[],[],[]]}