{"neow_bonuses_skipped_log":["TRANSFORM_CARD","THREE_ENEMY_KILL","BOSS_RELIC"],"neow_costs_skipped_log":["NONE","NONE","NONE"],"gold_per_floor":[13,32,49,67,84,84,111,36,36,36,54,54,88,104,104,177,177,195,120,139,156,56,56,90,90,90,90,121,121,71,99,99,198,198,215,263,275,275,285,320,348,359,359,359,388,130,156,168,168,168,168,168,168,74,107,107],"floor_reached":57,"playtime":5282,"items_purged":["Strike_P","Strike_P","Strike_P"],"score":3030,"play_id":"4c32e016-ec15-4c7b-8662-4f5c33e486dc","local_time":"20220616162617","score_breakdown":["Floors Climbed (57): 285","Enemies Slain (15): 30","Exordium Elites Killed (2): 20","City Elites Killed (3): 60","Beyond Elites Killed (4): 120","Bosses Slain (5): 750","Champion (3): 75","Perfect (1): 50","Ascension (20): 1390","Heartbreaker: 250"],"is_ascension_mode":true,"campfire_choices":[{"data":"Eruption","floor":6,"key":"SMITH"},{"data":"Fasting2","floor":10,"key":"SMITH"},{"data":"ForeignInfluence","floor":12,"key":"SMITH"},{"data":"ThirdEye","floor":15,"key":"SMITH"},{"data":"Vengeance","floor":23,"key":"SMITH"},{"data":"EmptyMind","floor":25,"key":"SMITH"},{"data":"JustLucky","floor":29,"key":"SMITH"},{"data":"Halt","floor":32,"key":"SMITH"},{"floor":44,"key":"RECALL"},{"data":"TalkToTheHand","floor":49,"key":"SMITH"},{"data":"Ragnarok","floor":53,"key":"SMITH"}],"neow_cost":"NO_GOLD","seed_source_timestamp":2875666545667000,"shop_contents":[{"floor":8,"relics":["Ancient Tea Set","Bag of Marbles","Frozen Eye"],"cards":["FlurryOfBlows","FlyingSleeves","DeceiveReality","Evaluate","BattleHymn","Jack Of All Trades","Master of Strategy"],"potions":["Block Potion","SkillPotion","Ancient Potion"]},{"floor":22,"relics":["Vajra","Gremlin Horn","Lee\u0027s Waffle"],"cards":["CrushJoints","BowlingBash","ForeignInfluence","ConjureBlade","Nirvana","Trip","Apotheosis"],"potions":["Block Potion","SkillPotion","BlessingOfTheForge"]},{"floor":46,"relics":["Peace Pipe","Juzu Bracelet","Sling"],"cards":["JustLucky","Evaluate+1","BattleHymn+1","PanicButton+1","Chrysalis+1"],"potions":["EssenceOfSteel","StancePotion","Swift Potion"]},{"floor":54,"relics":["Shuriken","White Beast Statue","PrismaticShard"],"cards":["EmptyFist","BowlingBash","Evaluate+1","LikeWater+1","Blind+1","Panache+1"],"potions":["SkillPotion","Dexterity Potion"]}],"circlet_count":0,"master_deck":["AscendersBane","Strike_P","Eruption+1","Vigilance","Fasting2+1","Consecrate","BowlingBash","FlurryOfBlows","Vengeance+1","Halt+1","ForeignInfluence+1","JustLucky+1","EmptyMind+1","ThirdEye+1","DeusExMachina","Meditate+1","DeceiveReality","Adaptation","MentalFortress+1","ForeignInfluence+1","ThirdEye+1","Ragnarok+1","Study+1","WaveOfTheHand","TalkToTheHand+1","Halt+1","EmptyMind+1","Meditate+1","ClearTheMind+1"],"potion_use_per_floor":[[],[],[],[],["Fire Potion"],[],["Fire Potion"],[],[],[],[],[],[],[],[],[],[],[],[],[],["DistilledChaos"],[],[],[],[],[],[],["SkillPotion"],[],[],[],[],[],[],["FearPotion"],[],[],["Fruit Juice"],[],["AttackPotion"],[],["SkillPotion"],[],[],[],[],[],[],[],[],[],[],[],[],[],["Ambrosia"],[]],"relics":["PureWater","Matryoshka","Bronze Scales","Sundial","Coffee Dripper","Blood Vial","Frozen Egg 2","Mummified Hand","Omamori","StrikeDummy","Black Star","WingedGreaves","Blue Candle","Question Card","MealTicket","Ornamental Fan","Toxic Egg 2","Eternal Feather","Pantograph","Boot","Darkstone Periapt","Centennial Puzzle","Pen Nib"],"potions_floor_usage":[5,7,21,28,35,38,40,42,56],"damage_taken":[{"damage":0,"enemies":"Cultist","floor":1,"turns":2},{"damage":0,"enemies":"2 Louse","floor":2,"turns":3},{"damage":0,"enemies":"Jaw Worm","floor":3,"turns":2},{"damage":0,"enemies":"Looter","floor":4,"turns":2},{"damage":1,"enemies":"Exordium Thugs","floor":5,"turns":3},{"damage":7,"enemies":"3 Sentries","floor":7,"turns":3},{"damage":9,"enemies":"Red Slaver","floor":11,"turns":2},{"damage":2,"enemies":"Gremlin Nob","floor":13,"turns":3},{"damage":0,"enemies":"3 Louse","floor":14,"turns":3},{"damage":3,"enemies":"Hexaghost","floor":16,"turns":6},{"damage":2,"enemies":"Spheric Guardian","floor":18,"turns":3},{"damage":0,"enemies":"3 Byrds","floor":20,"turns":2},{"damage":0,"enemies":"Sentry and Sphere","floor":21,"turns":3},{"damage":0,"enemies":"Book of Stabbing","floor":24,"turns":4},{"damage":1,"enemies":"Slavers","floor":28,"turns":2},{"damage":13,"enemies":"Book of Stabbing","floor":31,"turns":4},{"damage":0,"enemies":"Automaton","floor":33,"turns":6},{"damage":0,"enemies":"3 Darklings","floor":35,"turns":2},{"damage":1,"enemies":"2 Orb Walkers","floor":36,"turns":3},{"damage":0,"enemies":"3 Shapes","floor":37,"turns":5},{"damage":0,"enemies":"Sphere and 2 Shapes","floor":39,"turns":4},{"damage":0,"enemies":"Reptomancer","floor":40,"turns":2},{"damage":0,"enemies":"Nemesis","floor":41,"turns":5},{"damage":0,"enemies":"Transient","floor":42,"turns":7},{"damage":21,"enemies":"Giant Head","floor":45,"turns":6},{"damage":18,"enemies":"Reptomancer","floor":47,"turns":4},{"damage":0,"enemies":"3 Darklings","floor":48,"turns":3},{"damage":8,"enemies":"Time Eater","floor":50,"turns":10},{"damage":19,"enemies":"Awakened One","floor":51,"turns":15},{"damage":10,"enemies":"Shield and Spear","floor":55,"turns":6},{"damage":45,"enemies":"The Heart","floor":56,"turns":8}],"seed_played":"-2922366566327162848","neow_bonus_log":{"cardsObtained":["Fasting2","Consecrate"],"cardsUpgraded":[],"cardsRemoved":[],"cardsTransformed":["Defend_P","Defend_P"],"relicsObtained":[],"maxHpGained":0,"goldGained":0,"damageTaken":0,"goldLost":99,"maxHpLost":0},"potions_obtained":[{"floor":1,"key":"Fire Potion"},{"floor":2,"key":"Ambrosia"},{"floor":5,"key":"Fire Potion"},{"floor":7,"key":"DistilledChaos"},{"floor":24,"key":"SkillPotion"},{"floor":31,"key":"FearPotion"},{"floor":36,"key":"DuplicationPotion"},{"floor":38,"key":"Fruit Juice"},{"floor":38,"key":"AttackPotion"},{"floor":41,"key":"SkillPotion"},{"floor":48,"key":"SneckoOil"}],"is_trial":false,"path_per_floor":["M","M","M","M","M","R","E","$","T","R","M","R","E","M","R","B",null,"M","?","M","M","$","R","E","R","T","?","E","R","?","E","R","B",null,"M","?","M","?","M","E","E","M","T","R","E","$","E","M","R","B","B",null,"R","$","E","B",null],"character_chosen":"WATCHER","items_purchased":["TalkToTheHand","Halt+1","Meditate+1","Swift Potion"],"campfire_rested":0,"item_purchase_floors":[46,46,54,54],"current_hp_per_floor":[61,61,61,61,60,60,53,53,53,53,44,44,42,42,42,39,61,59,59,59,59,59,59,59,59,59,59,60,60,60,49,49,51,64,66,67,68,73,73,73,73,73,73,73,52,67,51,53,68,65,54,68,73,73,63,28],"gold":107,"neow_bonus":"TRANSFORM_TWO_CARDS","is_prod":false,"is_daily":false,"rewards_skipped":[{"floor":13,"relics":[],"potions":["BlessingOfTheForge"]},{"floor":16,"relics":[],"potions":["PowerPotion"]},{"floor":37,"relics":[],"potions":["Strength Potion"]}],"chose_seed":false,"campfire_upgraded":10,"win_rate":0,"floor_exit_playtime":[182,223,256,301,360,378,481,504,524,536,606,615,707,773,818,1003,1124,1229,1260,1405,1542,1582,1599,1705,1716,1735,1749,1846,1866,1888,2020,2039,2247,2359,2434,2550,2658,2688,2780,2852,3030,3245,3253,3265,3448,3490,3683,3736,3748,4093,4540,4555,4565,4609,4942,5282],"timestamp":1655411177,"blue_key_relic_skipped_log":{"floor":9,"relicID":"Bottled Lightning"},"path_taken":["M","M","?","M","M","R","E","$","T","R","M","R","E","M","R","BOSS","M","?","?","?","$","R","E","R","T","?","E","R","?","E","R","BOSS","M","?","M","?","M","E","E","?","T","R","E","$","E","M","R","BOSS","BOSS","R","$","E","BOSS"],"build_version":"2022-03-07","purchased_purges":3,"victory":true,"max_hp_per_floor":[68,68,68,68,68,68,68,68,68,68,68,68,68,68,68,68,68,68,68,68,68,68,68,68,68,68,68,68,68,68,68,68,68,68,68,68,68,73,73,73,73,73,73,73,73,73,73,73,73,73,73,73,73,73,73,73],"relic_stats":{"Darkstone Periapt":0,"counters":[31,133],"Blue Candle":[0],"Eternal Feather":20,"Pen Nib":[3],"Omamori":0,"Question Card":6,"Boot":[8],"Blood Vial":15,"Centennial Puzzle":[3],"Matryoshka":2,"Sundial":[20],"Mummified Hand":[70],"Ornamental Fan":[168],"Bronze Scales":[452],"Pantograph":23,"MealTicket":15,"WingedGreaves":3,"Black Star":5,"PureWater":[20],"obtain_stats":[{"Darkstone Periapt":47,"Blue Candle":40,"Eternal Feather":45,"Pen Nib":55,"Omamori":28,"Frozen Egg 2":26,"Question Card":40,"Boot":47,"Blood Vial":24,"Centennial Puzzle":55,"Matryoshka":7,"Sundial":13,"Mummified Hand":26,"Ornamental Fan":41,"Bronze Scales":9,"Pantograph":45,"MealTicket":41,"WingedGreaves":36,"Coffee Dripper":17,"Black Star":34,"PureWater":0,"Toxic Egg 2":43,"StrikeDummy":31},{"Darkstone Periapt":26,"Blue Candle":22,"Eternal Feather":25,"Pen Nib":30,"Omamori":15,"Frozen Egg 2":14,"Question Card":22,"Boot":26,"Blood Vial":14,"Centennial Puzzle":30,"Matryoshka":6,"Sundial":8,"Mummified Hand":14,"Ornamental Fan":23,"Bronze Scales":6,"Pantograph":25,"MealTicket":23,"WingedGreaves":19,"Coffee Dripper":10,"Black Star":17,"PureWater":0,"Toxic Egg 2":24,"StrikeDummy":16},{"Darkstone Periapt":91,"Blue Candle":69,"Eternal Feather":87,"Pen Nib":125,"Omamori":43,"Frozen Egg 2":41,"Question Card":69,"Boot":91,"Blood Vial":41,"Centennial Puzzle":125,"Matryoshka":15,"Sundial":20,"Mummified Hand":41,"Ornamental Fan":74,"Bronze Scales":15,"Pantograph":87,"MealTicket":74,"WingedGreaves":58,"Coffee Dripper":29,"Black Star":53,"PureWater":0,"Toxic Egg 2":81,"StrikeDummy":47}]},"card_choices":[{"not_picked":["Conclude","Pray"],"picked":"BowlingBash","floor":1},{"not_picked":["Collect","EmptyFist"],"picked":"FlurryOfBlows","floor":2},{"not_picked":["Worship","PathToVictory"],"picked":"Vengeance","floor":3},{"not_picked":["PathToVictory","ConjureBlade"],"picked":"Halt","floor":4},{"not_picked":["WheelKick","ReachHeaven"],"picked":"ForeignInfluence","floor":5},{"not_picked":["FlurryOfBlows","BowlingBash"],"picked":"JustLucky","floor":7},{"not_picked":["SashWhip","Consecrate"],"picked":"EmptyMind","floor":13},{"not_picked":["Nirvana","PathToVictory"],"picked":"ThirdEye","floor":14},{"not_picked":["Omniscience","ConjureBlade"],"picked":"DeusExMachina","floor":16},{"not_picked":["SashWhip","CrushJoints"],"picked":"Meditate+1","floor":18},{"not_picked":["EmptyMind","Conclude"],"picked":"DeceiveReality","floor":20},{"not_picked":["SandsOfTime","DeceiveReality","FlyingSleeves"],"picked":"SKIP","floor":21},{"not_picked":["SandsOfTime","DeceiveReality","FlyingSleeves"],"picked":"SKIP","floor":21},{"not_picked":["WheelKick","ThirdEye"],"picked":"Adaptation","floor":24},{"not_picked":["FlurryOfBlows","JustLucky"],"picked":"MentalFortress+1","floor":28},{"not_picked":["ThirdEye","Indignation","Weave+1"],"picked":"SKIP","floor":31},{"not_picked":["EmptyFist","SashWhip"],"picked":"ForeignInfluence+1","floor":35},{"not_picked":["Vengeance","Pray+1"],"picked":"ThirdEye+1","floor":36},{"not_picked":["FlyingSleeves","FollowUp+1"],"picked":"Ragnarok","floor":37},{"not_picked":["Wallop","WheelKick"],"picked":"Study+1","floor":39},{"not_picked":["Consecrate+1","Brilliance","WheelKick"],"picked":"SKIP","floor":40},{"not_picked":["EmptyBody","ThirdEye","DevaForm+1","ClearTheMind"],"picked":"SKIP","floor":41},{"not_picked":["Evaluate+1","Crescendo+1","SignatureMove"],"picked":"WaveOfTheHand","floor":42},{"not_picked":["FlyingSleeves+1","ForeignInfluence+1","CrushJoints","FollowUp+1"],"picked":"SKIP","floor":45},{"not_picked":["Alpha+1","Halt+1","Consecrate"],"picked":"EmptyMind+1","floor":47},{"not_picked":["FlurryOfBlows","SashWhip","Study+1","DeceiveReality+1"],"picked":"SKIP","floor":48},{"not_picked":["PathToVictory+1","Weave+1","Worship+1"],"picked":"ClearTheMind+1","floor":55}],"player_experience":7194501,"relics_obtained":[{"floor":7,"key":"Matryoshka"},{"floor":9,"key":"Bronze Scales"},{"floor":13,"key":"Sundial"},{"floor":24,"key":"Blood Vial"},{"floor":26,"key":"Frozen Egg 2"},{"floor":26,"key":"Mummified Hand"},{"floor":28,"key":"Omamori"},{"floor":31,"key":"StrikeDummy"},{"floor":36,"key":"WingedGreaves"},{"floor":40,"key":"Blue Candle"},{"floor":40,"key":"Question Card"},{"floor":41,"key":"MealTicket"},{"floor":41,"key":"Ornamental Fan"},{"floor":43,"key":"Toxic Egg 2"},{"floor":45,"key":"Eternal Feather"},{"floor":45,"key":"Pantograph"},{"floor":47,"key":"Boot"},{"floor":47,"key":"Darkstone Periapt"},{"floor":55,"key":"Centennial Puzzle"},{"floor":55,"key":"Pen Nib"}],"event_choices":[{"cards_removed":["Defend_P"],"damage_healed":0,"gold_gain":0,"player_choice":"Single Remove","damage_taken":0,"max_hp_gain":0,"max_hp_loss":0,"event_name":"Designer","floor":19,"gold_loss":75},{"cards_removed":["Defend_P"],"damage_healed":0,"gold_gain":0,"player_choice":"Elegance","damage_taken":0,"max_hp_gain":0,"max_hp_loss":0,"event_name":"Back to Basics","floor":27,"gold_loss":0},{"damage_healed":0,"gold_gain":0,"player_choice":"Bet on Murderer","damage_taken":0,"max_hp_gain":0,"max_hp_loss":0,"event_name":"The Joust","floor":30,"gold_loss":50},{"damage_healed":0,"gold_gain":0,"player_choice":"Fight","damage_taken":0,"max_hp_gain":0,"max_hp_loss":0,"event_name":"Mysterious Sphere","floor":36,"gold_loss":0},{"damage_healed":0,"gold_gain":0,"player_choice":"Got Potions","damage_taken":0,"max_hp_gain":0,"max_hp_loss":0,"event_name":"Lab","floor":38,"gold_loss":0}],"is_beta":false,"boss_relics":[{"not_picked":["Tiny House","Philosopher\u0027s Stone"],"picked":"Coffee Dripper"},{"not_picked":["Runic Pyramid","Fusion Hammer"],"picked":"Black Star"}],"items_purged_floors":[8,22,46],"is_endless":false,"potions_floor_spawned":[1,2,5,7,13,16,24,31,36,37,41,48],"ascension_level":20,"potion_discard_per_floor":[[],[],[],[],[],[],[],[],[],[],[],[],[],[],[],[],[],[],[],[],[],[],[],[],[],[],[],[],[],[],[],[],[],[],[],[],[],["DuplicationPotion"],[],[],[],[],[],[],[],[],[],[],[],[],[],[],[],["SneckoOil"],[],[],[]]}