{"neow_bonuses_skipped_log":["REMOVE_CARD","THREE_SMALL_POTIONS","BOSS_RELIC"],"neow_costs_skipped_log":["NONE","NONE","NONE"],"gold_per_floor":[112,122,122,146,162,162,195,218,218,283,283,324,324,367,367,457,457,473,494,494,188,213,213,213,226,251,294,329,236,97,135,135,231,231,256,478,478,478,543,543,406,420,488,266,266,305,328,352,352,352,352,352,352,21,52,72],"floor_reached":57,"playtime":7012,"items_purged":["Strike_P","Strike_P","Strike_P","Defend_P"],"score":3043,"play_id":"3fd41828-7024-43bf-8bf9-07c4d949f52b","local_time":"20220629140833","score_breakdown":["Floors Climbed (57): 285","Enemies Slain (12): 24","Exordium Elites Killed (3): 30","City Elites Killed (2): 40","Beyond Elites Killed (1): 30","Bosses Slain (5): 750","Money Money (1201): 25","Champion (4): 100","Perfect (2): 100","Overkill: 25","Ascension (20): 1384","Heartbreaker: 250"],"is_ascension_mode":true,"campfire_choices":[{"data":"Eruption","floor":6,"key":"SMITH"},{"data":"TalkToTheHand","floor":15,"key":"SMITH"},{"data":"Prostrate","floor":23,"key":"SMITH"},{"data":"Wireheading","floor":32,"key":"SMITH"},{"data":"Devotion","floor":40,"key":"SMITH"},{"floor":45,"key":"RECALL"},{"data":"Vault","floor":49,"key":"SMITH"},{"data":"Wallop","floor":53,"key":"SMITH"}],"neow_cost":"TEN_PERCENT_HP_LOSS","seed_source_timestamp":3988841309870800,"shop_contents":[{"floor":21,"relics":["Blood Vial","Bottled Lightning"],"cards":["SashWhip","EmptyMind","PathToVictory","Fasting2","Good Instincts","Chrysalis"],"potions":["SpeedPotion","Ancient Potion","ColorlessPotion"]},{"floor":30,"relics":["Boot","Blue Candle","Sling"],"cards":["Ragnarok","Halt","Alpha","Mind Blast","Magnetism"],"potions":["FearPotion","ColorlessPotion","Swift Potion"]},{"floor":41,"relics":["Girya","Du-Vu Doll","HandDrill"],"cards":["FearNoEvil","EmptyBody","Protect","Wireheading","Enlightenment","Apotheosis"],"potions":["Explosive Potion","Energy Potion","Fire Potion"]},{"floor":44,"relics":["CeramicFish","TheAbacus"],"cards":["FlurryOfBlows","JustLucky","Vengeance","Evaluate","BattleHymn","Bandage Up","Secret Weapon"],"potions":["GamblersBrew","EntropicBrew","Explosive Potion"]},{"floor":54,"relics":["StoneCalendar","Melange"],"cards":["JustLucky","Brilliance","ThirdEye","Protect","MentalFortress","Finesse","Panache"],"potions":["LiquidBronze","SteroidPotion","Energy Potion"]}],"circlet_count":0,"master_deck":["AscendersBane","Defend_P","Eruption+1","Vigilance","CarveReality","WheelKick","BowlingBash","CutThroughFate","ThirdEye","Prostrate+1","TalkToTheHand+1","Wireheading+1","Judgement","Weave","Pray+1","TalkToTheHand+1","Tantrum","CutThroughFate","Sanctity","CutThroughFate","Nirvana","Vault+1","Devotion+1","Trip","Dark Shackles","ClearTheMind+1","Wallop+1"],"potion_use_per_floor":[[],[],[],[],[],[],["SteroidPotion"],[],[],[],[],["PowerPotion"],[],[],[],["LiquidBronze"],[],[],[],[],[],[],[],[],["Fruit Juice"],[],["Weak Potion"],[],[],[],["ColorlessPotion"],[],[],[],[],[],[],[],["Ambrosia"],[],[],[],[],[],[],[],[],[],[],[],[],[],[],[],[],["BottledMiracle"],[]],"relics":["HolyWater","Golden Idol","Juzu Bracelet","Oddly Smooth Stone","Eternal Feather","Smiling Mask","TungstenRod","Regal Pillow","Nilry\u0027s Codex","DollysMirror","Anchor","FossilizedHelix","Red Mask","Pear","Thread and Needle","Busted Crown","Dead Branch","Pen Nib","Mercury Hourglass","Mango","Centennial Puzzle"],"potions_floor_usage":[7,12,16,25,27,31,39,56],"damage_taken":[{"damage":4,"enemies":"Small Slimes","floor":1,"turns":2},{"damage":7,"enemies":"Jaw Worm","floor":2,"turns":3},{"damage":0,"enemies":"2 Louse","floor":4,"turns":2},{"damage":5,"enemies":"Red Slaver","floor":5,"turns":3},{"damage":0,"enemies":"Gremlin Nob","floor":7,"turns":2},{"damage":1,"enemies":"3 Sentries","floor":10,"turns":3},{"damage":0,"enemies":"Lagavulin","floor":12,"turns":5},{"damage":8,"enemies":"3 Sentries","floor":14,"turns":4},{"damage":19,"enemies":"Hexaghost","floor":16,"turns":7},{"damage":14,"enemies":"Shell Parasite","floor":18,"turns":3},{"damage":0,"enemies":"3 Byrds","floor":19,"turns":3},{"damage":0,"enemies":"Centurion and Healer","floor":22,"turns":5},{"damage":0,"enemies":"Cultist and Chosen","floor":25,"turns":3},{"damage":8,"enemies":"Gremlin Leader","floor":27,"turns":5},{"damage":0,"enemies":"Masked Bandits","floor":28,"turns":2},{"damage":10,"enemies":"Slavers","floor":31,"turns":5},{"damage":0,"enemies":"Champ","floor":33,"turns":11},{"damage":0,"enemies":"3 Shapes","floor":35,"turns":2},{"damage":0,"enemies":"2 Orb Walkers","floor":39,"turns":3},{"damage":0,"enemies":"3 Darklings","floor":42,"turns":4},{"damage":0,"enemies":"Giant Head","floor":46,"turns":4},{"damage":0,"enemies":"Jaw Worm Horde","floor":47,"turns":2},{"damage":0,"enemies":"Transient","floor":48,"turns":7},{"damage":0,"enemies":"Donu and Deca","floor":50,"turns":5},{"damage":13,"enemies":"Awakened One","floor":51,"turns":10},{"damage":0,"enemies":"Shield and Spear","floor":55,"turns":5},{"damage":56,"enemies":"The Heart","floor":56,"turns":8}],"seed_played":"-8723824383688116167","neow_bonus_log":{"cardsObtained":["CarveReality","WheelKick"],"cardsUpgraded":[],"cardsRemoved":[],"cardsTransformed":["Defend_P","Defend_P"],"relicsObtained":[],"maxHpGained":0,"goldGained":0,"damageTaken":0,"goldLost":0,"maxHpLost":6},"potions_obtained":[{"floor":1,"key":"PowerPotion"},{"floor":2,"key":"SteroidPotion"},{"floor":10,"key":"LiquidBronze"},{"floor":16,"key":"Fruit Juice"},{"floor":18,"key":"Weak Potion"},{"floor":25,"key":"ColorlessPotion"},{"floor":27,"key":"Ambrosia"},{"floor":31,"key":"EssenceOfSteel"},{"floor":39,"key":"SteroidPotion"},{"floor":47,"key":"BottledMiracle"}],"is_trial":false,"path_per_floor":["M","M","?","M","M","R","E","T","T","?","?","E","?","E","R","B",null,"M","M","?","$","M","R","?","M","T","E","?","?","$","E","R","B",null,"M","?","?","?","?","R","$","M","T","$","R","E","M","M","R","B","B",null,"R","$","E","B",null],"character_chosen":"WATCHER","items_purchased":["DollysMirror","Tantrum","CutThroughFate","Nirvana","Wallop","Pen Nib","Mango"],"campfire_rested":0,"item_purchase_floors":[21,21,30,30,41,44,54],"current_hp_per_floor":[57,50,50,50,45,45,45,45,45,44,44,44,44,36,45,26,49,35,35,18,18,18,30,30,35,35,27,27,37,37,27,39,39,63,63,63,63,54,54,67,67,67,67,67,67,67,67,67,67,67,54,64,67,81,81,25],"gold":72,"neow_bonus":"TRANSFORM_TWO_CARDS","is_prod":false,"is_daily":false,"rewards_skipped":[{"floor":5,"relics":[],"potions":["SmokeBomb"]}],"chose_seed":false,"campfire_upgraded":7,"win_rate":0,"floor_exit_playtime":[830,939,961,995,1096,1125,1334,1361,1380,1593,1627,1788,1861,2070,2120,2391,2580,2783,2866,2914,3093,3234,3250,3265,3441,3454,3674,3795,3833,3900,4146,4157,4528,4683,4726,4771,4778,4802,4927,4938,5021,5118,5128,5202,5212,5319,5385,5559,5581,5790,6210,6231,6271,6313,6578,7012],"timestamp":1656526113,"blue_key_relic_skipped_log":{"floor":43,"relicID":"Bottled Tornado"},"path_taken":["M","M","?","M","M","R","E","?","T","?","?","E","?","E","R","BOSS","M","M","?","$","M","R","?","M","T","E","?","?","$","E","R","BOSS","M","?","?","?","?","R","$","M","T","$","R","E","M","M","R","BOSS","BOSS","R","$","E","BOSS"],"build_version":"2022-03-07","purchased_purges":4,"victory":true,"max_hp_per_floor":[62,62,56,56,56,56,56,56,56,56,56,56,56,56,56,56,56,56,56,56,56,56,56,56,61,61,61,61,71,71,71,71,71,71,71,71,67,67,67,67,67,67,67,67,67,67,67,67,67,67,67,67,67,81,81,81],"relic_stats":{"Regal Pillow":0,"counters":[27,118],"Golden Idol":218,"Nilry\u0027s Codex":[5,19,21,20],"Dead Branch":[95],"Eternal Feather":49,"Pen Nib":[14],"Juzu Bracelet":3,"Smiling Mask":250,"Mercury Hourglass":[141],"Centennial Puzzle":[3],"Busted Crown":20,"HolyWater":[47],"obtain_stats":[{"Regal Pillow":14,"Pear":29,"Golden Idol":3,"Nilry\u0027s Codex":20,"Dead Branch":39,"Oddly Smooth Stone":8,"Eternal Feather":9,"Thread and Needle":31,"Mango":54,"Pen Nib":44,"Juzu Bracelet":7,"Smiling Mask":10,"Mercury Hourglass":46,"Anchor":26,"Centennial Puzzle":55,"Busted Crown":34,"DollysMirror":21,"HolyWater":17,"Red Mask":28,"PureWater":0,"TungstenRod":12,"FossilizedHelix":27},{"Regal Pillow":8,"Pear":15,"Golden Idol":2,"Nilry\u0027s Codex":11,"Dead Branch":19,"Oddly Smooth Stone":5,"Eternal Feather":5,"Thread and Needle":16,"Mango":25,"Pen Nib":20,"Juzu Bracelet":5,"Smiling Mask":6,"Mercury Hourglass":21,"Anchor":13,"Centennial Puzzle":26,"Busted Crown":17,"DollysMirror":11,"HolyWater":9,"Red Mask":15,"PureWater":0,"TungstenRod":7,"FossilizedHelix":14},{"Regal Pillow":24,"Pear":52,"Golden Idol":5,"Nilry\u0027s Codex":37,"Dead Branch":73,"Oddly Smooth Stone":12,"Eternal Feather":12,"Thread and Needle":57,"Mango":105,"Pen Nib":77,"Juzu Bracelet":12,"Smiling Mask":15,"Mercury Hourglass":81,"Anchor":45,"Centennial Puzzle":110,"Busted Crown":68,"DollysMirror":37,"HolyWater":31,"Red Mask":52,"PureWater":0,"TungstenRod":20,"FossilizedHelix":50}],"TungstenRod":47,"FossilizedHelix":[11]},"card_choices":[{"not_picked":["WheelKick","WindmillStrike"],"picked":"BowlingBash","floor":1},{"not_picked":["FlurryOfBlows","Evaluate","Conclude"],"picked":"SKIP","floor":2},{"not_picked":["FlurryOfBlows","Prostrate"],"picked":"CutThroughFate","floor":4},{"not_picked":["ForeignInfluence","Perseverance"],"picked":"ThirdEye","floor":5},{"not_picked":["CrushJoints","Evaluate"],"picked":"Prostrate","floor":7},{"not_picked":["FollowUp","EmptyBody"],"picked":"TalkToTheHand","floor":10},{"not_picked":["FlyingSleeves","Establishment"],"picked":"Wireheading","floor":12},{"not_picked":["Halt","JustLucky","ClearTheMind"],"picked":"SKIP","floor":14},{"not_picked":["MasterReality","Alpha"],"picked":"Judgement","floor":16},{"not_picked":["ThirdEye","Wireheading"],"picked":"Weave","floor":18},{"not_picked":["Consecrate","CutThroughFate"],"picked":"Pray","floor":19},{"not_picked":["FollowUp","EmptyFist"],"picked":"CutThroughFate","floor":22},{"not_picked":["BowlingBash","Crescendo","Collect"],"picked":"SKIP","floor":25},{"not_picked":["BowlingBash","Crescendo","Collect"],"picked":"SKIP","floor":25},{"not_picked":["FlurryOfBlows","Halt"],"picked":"Sanctity","floor":27},{"not_picked":["EmptyFist","Worship","FearNoEvil"],"picked":"SKIP","floor":28},{"not_picked":["WreathOfFlame","FlurryOfBlows"],"picked":"Vault","floor":31},{"not_picked":["Alpha","Brilliance"],"picked":"Devotion","floor":33},{"not_picked":["ClearTheMind"],"picked":"SKIP","floor":35},{"not_picked":[],"picked":"Trip","floor":38},{"not_picked":[],"picked":"Dark Shackles","floor":38},{"not_picked":["The Bomb"],"picked":"SKIP","floor":38},{"not_picked":[],"picked":"ClearTheMind+1","floor":39},{"not_picked":["FollowUp+1"],"picked":"SKIP","floor":42},{"not_picked":["BowlingBash"],"picked":"SKIP","floor":46},{"not_picked":["PathToVictory"],"picked":"SKIP","floor":47},{"not_picked":["Vengeance+1"],"picked":"SKIP","floor":48},{"not_picked":["DeceiveReality"],"picked":"SKIP","floor":55},{"not_picked":["DeceiveReality"],"picked":"SKIP","floor":55}],"player_experience":7258875,"relics_obtained":[{"floor":7,"key":"Juzu Bracelet"},{"floor":8,"key":"Oddly Smooth Stone"},{"floor":9,"key":"Eternal Feather"},{"floor":10,"key":"Smiling Mask"},{"floor":12,"key":"TungstenRod"},{"floor":14,"key":"Regal Pillow"},{"floor":20,"key":"Nilry\u0027s Codex"},{"floor":26,"key":"Anchor"},{"floor":27,"key":"FossilizedHelix"},{"floor":28,"key":"Red Mask"},{"floor":31,"key":"Thread and Needle"},{"floor":39,"key":"Dead Branch"},{"floor":46,"key":"Mercury Hourglass"},{"floor":55,"key":"Centennial Puzzle"}],"event_choices":[{"damage_healed":0,"gold_gain":0,"player_choice":"Lose Max HP","damage_taken":0,"relics_obtained":["Golden Idol"],"max_hp_gain":0,"max_hp_loss":6,"event_name":"Golden Idol","floor":3,"gold_loss":0},{"damage_healed":0,"gold_gain":30,"player_choice":"Searched \u00272\u0027 times","damage_taken":0,"max_hp_gain":0,"max_hp_loss":0,"event_name":"Dead Adventurer","floor":10,"gold_loss":0},{"damage_healed":0,"gold_gain":0,"player_choice":"Ignored","damage_taken":0,"max_hp_gain":0,"max_hp_loss":0,"event_name":"Liars Game","floor":11,"gold_loss":0},{"cards_removed":["Strike_P"],"damage_healed":0,"gold_gain":0,"player_choice":"Forget","damage_taken":0,"max_hp_gain":0,"max_hp_loss":0,"event_name":"Living Wall","floor":13,"gold_loss":0},{"damage_healed":0,"gold_gain":0,"player_choice":"Obtained Book","damage_taken":21,"max_hp_gain":0,"max_hp_loss":0,"event_name":"Cursed Tome","floor":20,"gold_loss":0},{"damage_healed":0,"gold_gain":0,"player_choice":"Upgraded","damage_taken":0,"max_hp_gain":0,"max_hp_loss":0,"event_name":"Upgrade Shrine","floor":24,"gold_loss":0,"cards_upgraded":["Pray"]},{"damage_healed":0,"gold_gain":0,"player_choice":"Fought Bandits","damage_taken":0,"max_hp_gain":0,"max_hp_loss":0,"event_name":"Masked Bandits","floor":28,"gold_loss":0},{"damage_healed":0,"gold_gain":0,"player_choice":"Paid Gold","damage_taken":0,"relics_obtained":["Pear"],"max_hp_gain":0,"max_hp_loss":0,"event_name":"WeMeetAgain","floor":29,"gold_loss":93},{"damage_healed":0,"gold_gain":222,"player_choice":"Wore Mask","damage_taken":0,"max_hp_gain":0,"max_hp_loss":0,"event_name":"Tomb of Lord Red Mask","floor":36,"gold_loss":0},{"damage_healed":0,"gold_gain":0,"player_choice":"Max HP","damage_taken":0,"max_hp_gain":0,"max_hp_loss":4,"event_name":"Winding Halls","floor":37,"gold_loss":0},{"damage_healed":0,"gold_gain":0,"player_choice":"Memory 3","damage_taken":10,"max_hp_gain":0,"max_hp_loss":0,"event_name":"SensoryStone","floor":38,"gold_loss":0},{"damage_healed":0,"gold_gain":0,"player_choice":"Fight","damage_taken":0,"max_hp_gain":0,"max_hp_loss":0,"event_name":"Mysterious Sphere","floor":39,"gold_loss":0}],"is_beta":false,"boss_relics":[{"not_picked":["Fusion Hammer","Philosopher\u0027s Stone"],"picked":"HolyWater"},{"not_picked":["Velvet Choker","Black Star"],"picked":"Busted Crown"}],"items_purged_floors":[21,30,41,44],"is_endless":false,"potions_floor_spawned":[1,2,5,10,16,18,25,27,31,39,47],"ascension_level":20,"potion_discard_per_floor":[[],[],[],[],[],[],[],[],[],[],[],[],[],[],[],[],[],[],[],[],[],[],[],[],[],[],[],[],[],[],[],[],[],[],[],[],[],[],[],[],[],[],[],[],[],[],["EssenceOfSteel"],[],[],[],[],[],[],[],[],[],[]]}