{"neow_bonuses_skipped_log":["TRANSFORM_CARD","HUNDRED_GOLD","TRANSFORM_TWO_CARDS"],"neow_costs_skipped_log":["NONE","NONE","CURSE"],"gold_per_floor":[114,2,21,35,53,53,53,69,69,104,104,121,150,150,150,225,225,237,65,83,103,103,103,120,120,120,147,147,147,164,64,64,139,139,152,1151,1167,1179,469,469,501,177,177,207,220,239,266,282,282,282,282,282,282,45,76,76],"floor_reached":56,"playtime":4567,"items_purged":["Strike_P","Strike_P","Normality","Normality"],"score":2188,"play_id":"e4dfb210-2c6e-45c3-af1e-638a03e40ab8","local_time":"20220701144153","score_breakdown":["Floors Climbed (56): 280","Enemies Slain (17): 34","Exordium Elites Killed (2): 20","City Elites Killed (1): 20","Beyond Elites Killed (3): 90","Bosses Slain (4): 500","Money Money (1632): 25","Well Fed: 25","Champion (4): 100","Overkill: 25","Ascension (20): 1069"],"is_ascension_mode":true,"campfire_choices":[{"data":"Eruption","floor":6,"key":"SMITH"},{"data":"LikeWater","floor":11,"key":"SMITH"},{"data":"CrushJoints","floor":15,"key":"SMITH"},{"floor":23,"key":"REST"},{"floor":25,"key":"REST"},{"data":"Sanctity","floor":28,"key":"SMITH"},{"data":"CutThroughFate","floor":32,"key":"SMITH"},{"floor":40,"key":"RECALL"},{"data":"1","floor":49,"key":"LIFT"},{"floor":53,"key":"REST"}],"neow_cost":"NONE","seed_source_timestamp":4166109097745300,"shop_contents":[{"floor":2,"relics":["HornCleat","War Paint","Orrery"],"cards":["CutThroughFate","DeceiveReality","Crescendo","Study","Jack Of All Trades","Mayhem"],"potions":["ColorlessPotion","Fruit Juice","PowerPotion"]},{"floor":19,"relics":["Juzu Bracelet","OrangePellets"],"cards":["TalkToTheHand","CrushJoints","Protect","Collect","Adaptation+1","Bandage Up","Panache+1"],"potions":["Block Potion","SkillPotion","LiquidBronze"]},{"floor":31,"relics":["Shuriken","Bird Faced Urn","Chemical X"],"cards":["WheelKick","CutThroughFate","EmptyMind","ThirdEye","BattleHymn+1","Madness","Metamorphosis"],"potions":["Dexterity Potion","DistilledChaos","PowerPotion"]},{"floor":39,"relics":[],"cards":["JustLucky","FlurryOfBlows","Crescendo","PathToVictory","Study+1","Enlightenment","Secret Weapon"],"potions":["Explosive Potion","EntropicBrew"]},{"floor":42,"relics":["Pen Nib","StoneCalendar","Medical Kit"],"cards":["SignatureMove","Consecrate","ClearTheMind","Wireheading+1","Violence"],"potions":["SteroidPotion","Energy Potion","LiquidMemories"]},{"floor":54,"relics":["Ice Cream","Bottled Tornado","HandDrill"],"cards":["TalkToTheHand","EmptyBody","Fasting2+1","Purity","HandOfGreed"],"potions":["AttackPotion","SteroidPotion"]}],"circlet_count":0,"master_deck":["AscendersBane","Strike_P+1","Strike_P+1","Defend_P","Eruption+1","Vigilance","Worship+1","Study+1","Halt+1","SandsOfTime+1","WheelKick","CutThroughFate+1","LikeWater+1","CrushJoints+1","Adaptation+1","Sanctity+1","Devotion+1","ThirdEye+1","Fasting2+1","Good Instincts","Vengeance","Meditate","Omniscience","Wallop","Meditate"],"potion_use_per_floor":[[],[],[],[],["GamblersBrew"],[],[],[],[],[],[],[],[],[],[],[],[],[],[],[],[],[],[],[],[],[],["BlessingOfTheForge"],[],[],[],[],[],[],[],["SteroidPotion"],[],[],["ColorlessPotion"],["Fruit Juice"],[],["LiquidMemories"],[],[],[],[],["ColorlessPotion"],[],[],[],[],[],[],[],[],["StancePotion"],["Fruit Juice","PowerPotion"]],"relics":["Astrolabe","TeardropLocket","Orichalcum","Frozen Egg 2","Mercury Hourglass","VioletLotus","Bag of Preparation","Du-Vu Doll","Whetstone","Fusion Hammer","PreservedInsect","Lee\u0027s Waffle","Bag of Marbles","Gremlin Horn","Girya","Boot","Incense Burner"],"potions_floor_usage":[5,27,35,38,39,41,46,55,56,56],"damage_taken":[{"damage":0,"enemies":"2 Louse","floor":1,"turns":2},{"damage":0,"enemies":"Cultist","floor":3,"turns":2},{"damage":8,"enemies":"Jaw Worm","floor":4,"turns":3},{"damage":6,"enemies":"Red Slaver","floor":5,"turns":3},{"damage":17,"enemies":"Lots of Slimes","floor":8,"turns":4},{"damage":0,"enemies":"Lagavulin","floor":10,"turns":3},{"damage":0,"enemies":"Looter","floor":12,"turns":1},{"damage":4,"enemies":"Gremlin Nob","floor":13,"turns":3},{"damage":25,"enemies":"Slime Boss","floor":16,"turns":7},{"damage":23,"enemies":"Shell Parasite","floor":18,"turns":3},{"damage":0,"enemies":"Spheric Guardian","floor":20,"turns":2},{"damage":18,"enemies":"Snake Plant","floor":21,"turns":2},{"damage":0,"enemies":"Chosen and Byrds","floor":24,"turns":2},{"damage":26,"enemies":"Gremlin Leader","floor":27,"turns":3},{"damage":18,"enemies":"Shelled Parasite and Fungi","floor":30,"turns":3},{"damage":11,"enemies":"Champ","floor":33,"turns":6},{"damage":1,"enemies":"3 Darklings","floor":35,"turns":3},{"damage":0,"enemies":"3 Shapes","floor":37,"turns":2},{"damage":15,"enemies":"Transient","floor":38,"turns":6},{"damage":0,"enemies":"Reptomancer","floor":41,"turns":2},{"damage":0,"enemies":"Giant Head","floor":44,"turns":4},{"damage":1,"enemies":"3 Darklings","floor":45,"turns":3},{"damage":17,"enemies":"Sphere and 2 Shapes","floor":46,"turns":4},{"damage":0,"enemies":"Reptomancer","floor":47,"turns":3},{"damage":7,"enemies":"Maw","floor":48,"turns":5},{"damage":18,"enemies":"Awakened One","floor":50,"turns":10},{"damage":11,"enemies":"Donu and Deca","floor":51,"turns":4},{"damage":48,"enemies":"Shield and Spear","floor":55,"turns":4},{"damage":71,"enemies":"The Heart","floor":56,"turns":2}],"seed_played":"3757135172371722403","neow_bonus_log":{"cardsObtained":[],"cardsUpgraded":[],"cardsRemoved":[],"cardsTransformed":[],"relicsObtained":["Astrolabe"],"maxHpGained":0,"goldGained":0,"damageTaken":0,"goldLost":0,"maxHpLost":0},"potions_obtained":[{"floor":3,"key":"GamblersBrew"},{"floor":5,"key":"BlessingOfTheForge"},{"floor":13,"key":"SpeedPotion"},{"floor":20,"key":"SteroidPotion"},{"floor":27,"key":"SkillPotion"},{"floor":33,"key":"Fruit Juice"},{"floor":37,"key":"ColorlessPotion"},{"floor":38,"key":"Fire Potion"},{"floor":41,"key":"ColorlessPotion"},{"floor":45,"key":"PowerPotion"},{"floor":48,"key":"Block Potion"},{"floor":55,"key":"Fruit Juice"}],"is_trial":false,"path_per_floor":["M","$","M","M","M","R","?","M","T","E","R","M","E","T","R","B",null,"M","$","M","M","?","R","M","R","T","E","R","?","M","$","R","B",null,"M","?","M","M","$","R","E","$","T","E","M","M","E","M","R","B","B",null,"R","$","E","B"],"character_chosen":"WATCHER","items_purchased":["WheelKick","Bag of Preparation","PreservedInsect","Lee\u0027s Waffle","LiquidMemories","Bag of Marbles","Good Instincts","Vengeance","Wallop","Meditate","StancePotion"],"campfire_rested":3,"item_purchase_floors":[2,19,39,39,39,39,42,42,54,54,54],"current_hp_per_floor":[61,61,61,53,47,47,47,30,30,30,30,30,26,26,26,1,51,28,28,28,10,10,30,30,50,50,24,24,78,60,60,60,49,71,70,70,70,55,90,90,90,90,90,90,89,72,72,65,65,47,36,77,90,90,42,0],"gold":76,"neow_bonus":"BOSS_RELIC","is_prod":false,"is_daily":false,"rewards_skipped":[{"floor":16,"relics":[],"potions":["BottledMiracle"]},{"floor":30,"relics":[],"potions":["SneckoOil"]}],"chose_seed":false,"campfire_upgraded":5,"win_rate":0,"floor_exit_playtime":[155,176,223,288,441,447,457,618,628,705,712,736,817,825,837,1110,1227,1287,1341,1452,1503,1554,1559,1696,1700,1711,1848,1865,1928,2011,2058,2064,2215,2324,2456,2513,2556,2692,2765,2770,2924,3017,3019,3164,3243,3314,3413,3551,3555,3974,4151,4189,4194,4277,4497],"timestamp":1656700913,"blue_key_relic_skipped_log":{"floor":43,"relicID":"Blood Vial"},"path_taken":["M","$","M","M","M","R","?","M","T","E","R","?","E","?","R","BOSS","M","$","M","M","?","R","?","R","T","E","R","?","?","?","R","BOSS","M","?","M","M","$","R","E","$","T","E","M","M","E","M","R","BOSS","BOSS","R","$","E","BOSS"],"build_version":"2022-03-07","purchased_purges":4,"victory":false,"max_hp_per_floor":[68,68,68,68,68,68,68,68,68,68,68,68,68,68,68,68,68,68,68,68,68,68,68,68,68,68,68,68,78,78,78,78,78,78,78,78,78,78,90,90,90,90,90,90,90,90,90,90,90,90,90,90,90,90,90,95],"relic_stats":{"Girya":1,"Lee\u0027s Waffle":30,"Gremlin Horn":[14,14],"counters":[29,100],"Astrolabe":["Worship","Study","Halt"],"PreservedInsect":328,"Bag of Preparation":[39],"Whetstone":["Strike_P","Strike_P"],"Orichalcum":[156],"Boot":[0],"Mercury Hourglass":[303],"VioletLotus":[38],"obtain_stats":[{"Girya":44,"Lee\u0027s Waffle":39,"Gremlin Horn":41,"Astrolabe":0,"PreservedInsect":39,"Bag of Preparation":19,"Incense Burner":55,"TeardropLocket":9,"Whetstone":27,"Orichalcum":10,"Frozen Egg 2":13,"Boot":47,"Mercury Hourglass":14,"Du-Vu Doll":26,"VioletLotus":17,"Fusion Hammer":34,"Bag of Marbles":39,"PureWater":0},{"Girya":21,"Lee\u0027s Waffle":19,"Gremlin Horn":20,"Astrolabe":0,"PreservedInsect":19,"Bag of Preparation":10,"Incense Burner":28,"TeardropLocket":5,"Whetstone":14,"Orichalcum":6,"Frozen Egg 2":8,"Boot":24,"Mercury Hourglass":8,"Du-Vu Doll":13,"VioletLotus":9,"Fusion Hammer":16,"Bag of Marbles":19,"PureWater":0},{"Girya":66,"Lee\u0027s Waffle":60,"Gremlin Horn":62,"Astrolabe":0,"PreservedInsect":60,"Bag of Preparation":31,"Incense Burner":98,"TeardropLocket":14,"Whetstone":40,"Orichalcum":17,"Frozen Egg 2":21,"Boot":75,"Mercury Hourglass":21,"Du-Vu Doll":37,"VioletLotus":28,"Fusion Hammer":49,"Bag of Marbles":60,"PureWater":0}]},"card_choices":[{"not_picked":["SashWhip","Crescendo"],"picked":"SandsOfTime","floor":1},{"not_picked":["BattleHymn","Protect","WheelKick"],"picked":"SKIP","floor":3},{"not_picked":["FlurryOfBlows","DeceiveReality"],"picked":"CutThroughFate","floor":4},{"not_picked":["MentalFortress","CrushJoints","CutThroughFate"],"picked":"SKIP","floor":5},{"not_picked":["FlurryOfBlows","Protect","FlyingSleeves"],"picked":"SKIP","floor":8},{"not_picked":["Pray","CutThroughFate"],"picked":"LikeWater","floor":10},{"not_picked":["Study","ClearTheMind"],"picked":"CrushJoints","floor":12},{"not_picked":["FollowUp","ConjureBlade"],"picked":"Adaptation+1","floor":13},{"not_picked":["ConjureBlade","Establishment+1"],"picked":"DeusExMachina","floor":16},{"not_picked":["Study+1","FollowUp","Protect"],"picked":"SKIP","floor":18},{"not_picked":["Evaluate","ThirdEye","WaveOfTheHand"],"picked":"SKIP","floor":20},{"not_picked":["Evaluate","ThirdEye","WaveOfTheHand"],"picked":"SKIP","floor":20},{"not_picked":["PathToVictory","Consecrate","EmptyFist"],"picked":"SKIP","floor":21},{"not_picked":["PathToVictory","Consecrate","EmptyFist"],"picked":"SKIP","floor":21},{"not_picked":["CrushJoints","Crescendo","BowlingBash"],"picked":"SKIP","floor":24},{"not_picked":["CrushJoints","Crescendo","BowlingBash"],"picked":"SKIP","floor":24},{"not_picked":["CrushJoints","Crescendo","BowlingBash"],"picked":"SKIP","floor":24},{"not_picked":["EmptyFist","ForeignInfluence"],"picked":"Sanctity","floor":27},{"not_picked":["Ragnarok","Crescendo","PathToVictory"],"picked":"SKIP","floor":30},{"not_picked":["MasterReality+1","Brilliance"],"picked":"Devotion+1","floor":33},{"not_picked":["Consecrate","Halt","Prostrate"],"picked":"SKIP","floor":35},{"not_picked":["ReachHeaven","ClearTheMind","Consecrate"],"picked":"SKIP","floor":37},{"not_picked":["Prostrate","FlurryOfBlows"],"picked":"ThirdEye+1","floor":38},{"not_picked":["Brilliance","CrushJoints+1"],"picked":"Fasting2+1","floor":41},{"not_picked":["FollowUp+1","Tantrum"],"picked":"Meditate","floor":44},{"not_picked":["Consecrate","Wallop"],"picked":"Omniscience","floor":47},{"not_picked":["Fasting2+1","FlurryOfBlows+1","EmptyBody+1"],"picked":"SKIP","floor":48},{"not_picked":["BowlingBash","TalkToTheHand","EmptyFist"],"picked":"SKIP","floor":55}],"player_experience":7293195,"relics_obtained":[{"floor":9,"key":"TeardropLocket"},{"floor":10,"key":"Orichalcum"},{"floor":13,"key":"Frozen Egg 2"},{"floor":14,"key":"Mercury Hourglass"},{"floor":26,"key":"Du-Vu Doll"},{"floor":27,"key":"Whetstone"},{"floor":41,"key":"Gremlin Horn"},{"floor":44,"key":"Girya"},{"floor":47,"key":"Boot"},{"floor":55,"key":"Incense Burner"}],"event_choices":[{"damage_healed":0,"gold_gain":0,"player_choice":"Forge","damage_taken":0,"max_hp_gain":0,"max_hp_loss":0,"event_name":"Accursed Blacksmith","floor":7,"gold_loss":0,"cards_upgraded":["SandsOfTime"]},{"damage_healed":0,"gold_gain":0,"player_choice":"Ignored","damage_taken":0,"max_hp_gain":0,"max_hp_loss":0,"event_name":"N\u0027loth","floor":22,"gold_loss":0},{"cards_removed":["DeusExMachina"],"damage_healed":44,"gold_gain":0,"player_choice":"Offered Rare","damage_taken":0,"max_hp_gain":10,"max_hp_loss":0,"event_name":"Bonfire Elementals","floor":29,"gold_loss":0},{"damage_healed":0,"gold_gain":999,"player_choice":"Gold","damage_taken":0,"max_hp_gain":0,"max_hp_loss":0,"event_name":"MindBloom","floor":36,"gold_loss":0,"cards_obtained":["Normality","Normality"]}],"is_beta":false,"boss_relics":[{"not_picked":["Tiny House","SlaversCollar"],"picked":"VioletLotus"},{"not_picked":["Philosopher\u0027s Stone","Calling Bell"],"picked":"Fusion Hammer"}],"items_purged_floors":[2,31,39,42],"is_endless":false,"potions_floor_spawned":[3,5,13,16,20,27,30,33,37,38,41,45,48,55],"killed_by":"The Heart","ascension_level":20,"potion_discard_per_floor":[[],[],[],[],[],[],[],[],[],[],[],[],[],[],[],[],[],[],[],["SpeedPotion"],[],[],[],[],[],[],[],[],[],[],[],[],["SkillPotion"],[],[],[],[],[],[],[],[],[],[],[],["Fire Potion"],[],[],[],[],[],[],[],[],["Block Potion"],[],[]]}