{"neow_bonuses_skipped_log":["TRANSFORM_CARD","TEN_PERCENT_HP_BONUS","BOSS_RELIC"],"neow_costs_skipped_log":["NONE","NONE","NONE"],"gold_per_floor":[367,386,404,329,329,329,66,84,133,159,189,236,268,293,305,391,403,433,5,5,24,89,89,120,120,120,146,146,178,153,203,203,203],"floor_reached":33,"playtime":3841,"items_purged":["Defend_P","Strike_P"],"score":830,"play_id":"5d1bf127-dfca-414d-a134-fbdd3b566856","local_time":"20220701132516","score_breakdown":["Floors Climbed (33): 165","Enemies Slain (10): 20","Exordium Elites Killed (2): 20","City Elites Killed (3): 60","Bosses Slain (1): 50","Champion (2): 50","Perfect (1): 50","Ascension (20): 415"],"is_ascension_mode":true,"campfire_choices":[{"data":"Eruption","floor":6,"key":"SMITH"},{"data":"WindmillStrike","floor":15,"key":"SMITH"},{"data":"Judgement","floor":23,"key":"SMITH"},{"data":"Protect","floor":25,"key":"SMITH"},{"data":"Vigilance","floor":28,"key":"SMITH"},{"data":"Wireheading","floor":32,"key":"SMITH"}],"neow_cost":"TEN_PERCENT_HP_LOSS","seed_source_timestamp":4162240719613700,"shop_contents":[{"floor":7,"relics":["Calipers","TheAbacus"],"cards":["CarveReality","CutThroughFate","Perseverance","BattleHymn","Panacea","Sadistic Nature"],"potions":["FairyPotion","SteroidPotion","BlessingOfTheForge"]},{"floor":19,"relics":["Thread and Needle"],"cards":["WheelKick","BowlingBash","Collect","Sanctity","LikeWater","Madness","Master of Strategy"],"potions":["StancePotion","FearPotion","CultistPotion"]}],"circlet_count":0,"master_deck":["AscendersBane","Strike_P+1","Strike_P+1","Defend_P","Defend_P","Eruption+1","Vigilance+1","DeceiveReality","SashWhip","WindmillStrike+1","EmptyBody","Protect+1","WheelKick","Judgement+1","Wireheading+1","FearNoEvil"],"potion_use_per_floor":[[],[],[],[],[],[],[],[],[],[],[],["StancePotion"],[],[],[],["Dexterity Potion"],[],[],[],[],[],[],[],["AttackPotion","EntropicBrew","Dexterity Potion"],[],[],["Regen Potion"],[],["PowerPotion"],[],[],[],["SpeedPotion","Weak Potion"]],"relics":["PureWater","Centennial Puzzle","MawBank","White Beast Statue","Cursed Key","Sling","Bronze Scales","SsserpentHead","Gremlin Horn","Nunchaku","StrikeDummy"],"potions_floor_usage":[12,16,24,24,24,27,29,33,33],"damage_taken":[{"damage":0,"enemies":"Cultist","floor":1,"turns":3},{"damage":1,"enemies":"Small Slimes","floor":2,"turns":4},{"damage":0,"enemies":"2 Louse","floor":3,"turns":4},{"damage":4,"enemies":"2 Fungi Beasts","floor":8,"turns":3},{"damage":0,"enemies":"Lagavulin","floor":10,"turns":5},{"damage":4,"enemies":"Lots of Slimes","floor":11,"turns":3},{"damage":0,"enemies":"Gremlin Nob","floor":12,"turns":2},{"damage":0,"enemies":"Blue Slaver","floor":13,"turns":2},{"damage":0,"enemies":"2 Fungi Beasts","floor":14,"turns":4},{"damage":0,"enemies":"The Guardian","floor":16,"turns":11},{"damage":0,"enemies":"Chosen","floor":18,"turns":2},{"damage":6,"enemies":"2 Thieves","floor":21,"turns":3},{"damage":2,"enemies":"Snecko","floor":22,"turns":4},{"damage":4,"enemies":"Slavers","floor":24,"turns":5},{"damage":1,"enemies":"Gremlin Leader","floor":27,"turns":6},{"damage":1,"enemies":"Book of Stabbing","floor":29,"turns":4},{"damage":64,"enemies":"Collector","floor":33,"turns":9}],"seed_played":"-5409300547270363782","neow_bonus_log":{"cardsObtained":[],"cardsUpgraded":[],"cardsRemoved":[],"cardsTransformed":[],"relicsObtained":[],"maxHpGained":0,"goldGained":250,"damageTaken":0,"goldLost":0,"maxHpLost":6},"potions_obtained":[{"floor":1,"key":"AttackPotion"},{"floor":10,"key":"StancePotion"},{"floor":13,"key":"Dexterity Potion"},{"floor":16,"key":"EntropicBrew"},{"floor":24,"key":"Regen Potion"},{"floor":27,"key":"SpeedPotion"},{"floor":29,"key":"Weak Potion"}],"is_trial":false,"path_per_floor":["M","M","M","?","?","R","$","M","T","E","M","E","M","M","R","B",null,"M","$","?","M","M","R","E","R","T","E","R","E","?","T","R","B"],"character_chosen":"WATCHER","items_purchased":["EmptyBody","Centennial Puzzle","Sling","Bronze Scales"],"campfire_rested":0,"item_purchase_floors":[7,7,19,19],"current_hp_per_floor":[61,60,60,60,41,41,41,37,37,37,33,33,33,33,33,33,55,55,55,55,49,47,47,43,43,43,57,57,56,56,56,56,0],"gold":203,"neow_bonus":"TWO_FIFTY_GOLD","is_prod":false,"is_daily":false,"rewards_skipped":[{"floor":11,"relics":[],"potions":["AttackPotion"]},{"floor":14,"relics":[],"potions":["Energy Potion"]},{"floor":18,"relics":[],"potions":["Energy Potion"]},{"floor":21,"relics":[],"potions":["SteroidPotion"]},{"floor":22,"relics":[],"potions":["GamblersBrew"]}],"chose_seed":false,"campfire_upgraded":6,"win_rate":0,"floor_exit_playtime":[436,565,678,694,728,736,952,1061,1080,1245,1438,1498,1572,1683,1696,1894,2091,2179,2392,2517,2660,2770,2781,2987,3024,3033,3198,3207,3368,3381,3456,3486],"timestamp":1656696316,"blue_key_relic_skipped_log":{"floor":9,"relicID":"Boot"},"path_taken":["M","M","?","?","?","R","$","M","T","E","M","E","M","M","R","BOSS","M","$","?","M","?","R","E","R","T","E","R","E","?","?","R","BOSS"],"build_version":"2022-03-07","purchased_purges":2,"victory":false,"max_hp_per_floor":[62,62,62,62,62,62,62,62,62,62,62,62,62,62,62,62,62,62,62,62,62,62,62,62,62,62,62,62,62,62,62,62,62],"relic_stats":{"SsserpentHead":150,"Centennial Puzzle":[24],"Nunchaku":[3],"Gremlin Horn":[10,10],"counters":[17,74],"Bronze Scales":[96],"PureWater":[11],"MawBank":108,"Cursed Key":0,"obtain_stats":[{"SsserpentHead":20,"Centennial Puzzle":7,"Nunchaku":27,"Gremlin Horn":24,"Bronze Scales":19,"PureWater":0,"MawBank":10,"Cursed Key":17,"Sling":19,"StrikeDummy":29,"White Beast Statue":12},{"SsserpentHead":11,"Centennial Puzzle":3,"Nunchaku":15,"Gremlin Horn":14,"Bronze Scales":11,"PureWater":0,"MawBank":5,"Cursed Key":10,"Sling":11,"StrikeDummy":16,"White Beast Statue":7},{"SsserpentHead":43,"Centennial Puzzle":11,"Nunchaku":61,"Gremlin Horn":55,"Bronze Scales":43,"PureWater":0,"MawBank":19,"Cursed Key":41,"Sling":43,"StrikeDummy":65,"White Beast Statue":24}],"White Beast Statue":[0.002640000000000001,0.0,0.11179200000000004,0.0,0.45788800000000024,0.0,0.3700800000000002,0.0,0.05688000000000003,0.0,7.200000000000003E-4,4.1310720000000005]},"card_choices":[{"not_picked":["Consecrate","Evaluate"],"picked":"DeceiveReality","floor":1},{"not_picked":["JustLucky","Vengeance"],"picked":"SashWhip","floor":2},{"not_picked":["Crescendo","CutThroughFate"],"picked":"WindmillStrike","floor":3},{"not_picked":["PathToVictory","FlurryOfBlows"],"picked":"Protect","floor":8},{"not_picked":["FlurryOfBlows","Pray","EmptyBody"],"picked":"SKIP","floor":10},{"not_picked":["MasterReality","Consecrate"],"picked":"WheelKick","floor":11},{"not_picked":["EmptyBody","Protect","SashWhip"],"picked":"SKIP","floor":12},{"not_picked":["InnerPeace","ThirdEye","BowlingBash"],"picked":"SKIP","floor":13},{"not_picked":["PathToVictory","Crescendo","ClearTheMind"],"picked":"SKIP","floor":14},{"not_picked":["Omniscience","DeusExMachina"],"picked":"Judgement","floor":16},{"not_picked":["SignatureMove","Collect"],"picked":"Wireheading","floor":18},{"not_picked":["Study","FollowUp","CrushJoints"],"picked":"SKIP","floor":21},{"not_picked":["Study","FollowUp","CrushJoints"],"picked":"SKIP","floor":21},{"not_picked":["Study","FollowUp","CrushJoints"],"picked":"SKIP","floor":21},{"not_picked":["SashWhip","EmptyBody"],"picked":"FearNoEvil","floor":22},{"not_picked":["ThirdEye","PathToVictory","EmptyFist"],"picked":"SKIP","floor":24},{"not_picked":["Swivel","Evaluate","EmptyBody"],"picked":"SKIP","floor":27},{"not_picked":["Swivel","Evaluate","EmptyBody"],"picked":"SKIP","floor":27},{"not_picked":["ClearTheMind","Blasphemy","Prostrate"],"picked":"SKIP","floor":29}],"player_experience":7289354,"relics_obtained":[{"floor":10,"key":"MawBank"},{"floor":12,"key":"White Beast Statue"},{"floor":24,"key":"Gremlin Horn"},{"floor":27,"key":"Nunchaku"},{"floor":29,"key":"StrikeDummy"}],"event_choices":[{"cards_removed":["Defend_P"],"damage_healed":0,"gold_gain":0,"player_choice":"Card Removal","damage_taken":0,"max_hp_gain":0,"max_hp_loss":0,"event_name":"The Cleric","floor":4,"gold_loss":75},{"damage_healed":0,"gold_gain":0,"player_choice":"Entered Light","damage_taken":19,"max_hp_gain":0,"max_hp_loss":0,"event_name":"Shining Light","floor":5,"gold_loss":0,"cards_upgraded":["Strike_P","Strike_P"]},{"damage_healed":0,"gold_gain":0,"player_choice":"Trade","damage_taken":0,"relics_obtained":["SsserpentHead"],"max_hp_gain":0,"max_hp_loss":0,"event_name":"FaceTrader","floor":20,"gold_loss":0},{"cards_removed":["Strike_P"],"damage_healed":0,"gold_gain":0,"player_choice":"Gave Gold","damage_taken":0,"max_hp_gain":0,"max_hp_loss":0,"event_name":"Beggar","floor":30,"gold_loss":75}],"is_beta":false,"boss_relics":[{"not_picked":["Ectoplasm","Velvet Choker"],"picked":"Cursed Key"}],"items_purged_floors":[7,19],"is_endless":false,"potions_floor_spawned":[1,10,11,13,14,16,18,21,22,24,27,29],"killed_by":"Collector","ascension_level":20,"potion_discard_per_floor":[[],[],[],[],[],[],[],[],[],[],[],[],[],[],[],[],[],[],[],[],[],[],[],[],[],[],[],[],[],[],[],[],[]]}