{"neow_bonuses_skipped_log":["RANDOM_COLORLESS","THREE_ENEMY_KILL","BOSS_RELIC"],"neow_costs_skipped_log":["NONE","NONE","NONE"],"gold_per_floor":[118,132,148,167,186,186,202,202,202,228,63,63,98,98,98,175,175,191,191,208,39,39,39,89,117,117,117,128,160,160,239,239,311,311,326,251,262,279,279,279,304,136,181,210,127,176,101,101,101,101,101,101,101,14,46,46],"floor_reached":57,"playtime":5777,"items_purged":["Defend_P"],"score":2783,"play_id":"147b26aa-f732-4bc8-92d2-73f950dc8d0b","local_time":"20220701163233","score_breakdown":["Floors Climbed (57): 285","Enemies Slain (12): 24","Exordium Elites Killed (2): 20","City Elites Killed (2): 40","Beyond Elites Killed (2): 60","Bosses Slain (5): 750","Mystery Machine (17): 25","Champion (2): 50","Overkill: 25","Ascension (20): 1254","Heartbreaker: 250"],"is_ascension_mode":true,"campfire_choices":[{"data":"Eruption","floor":6,"key":"SMITH"},{"floor":8,"key":"REST"},{"data":"SignatureMove","floor":15,"key":"SMITH"},{"data":"Alpha","floor":23,"key":"SMITH"},{"floor":27,"key":"REST"},{"floor":32,"key":"REST"},{"floor":40,"key":"RECALL"},{"data":"Wallop","floor":49,"key":"SMITH"},{"floor":53,"key":"REST"}],"neow_cost":"TEN_PERCENT_HP_LOSS","seed_source_timestamp":4171514277182300,"shop_contents":[{"floor":11,"relics":["Oddly Smooth Stone","Potion Belt"],"cards":["Tantrum","Brilliance","Perseverance","Pray","LikeWater","Good Instincts","Transmutation"],"potions":["AttackPotion","PowerPotion","CultistPotion"]},{"floor":21,"relics":["Frozen Egg 2","Nunchaku"],"cards":["WindmillStrike","Tantrum","Collect","Blasphemy","Fasting2","PanicButton","Chrysalis"],"potions":["SpeedPotion","Regen Potion","SkillPotion"]},{"floor":42,"relics":["Lantern","Mercury Hourglass","Cauldron"],"cards":["Brilliance","ClearTheMind","Devotion","Madness","Chrysalis"],"potions":["Regen Potion","Ancient Potion","PowerPotion"]},{"floor":45,"relics":["Blood Vial","Thread and Needle","Strange Spoon"],"cards":["FollowUp","TalkToTheHand","Prostrate","EmptyBody","Wireheading","Discovery","Magnetism"],"potions":["Fire Potion","PowerPotion"]},{"floor":47,"relics":["Pear","Pantograph","Membership Card"],"cards":["SignatureMove","CarveReality","Sanctity","Worship","Nirvana","Dark Shackles","Thinking Ahead"],"potions":["LiquidMemories","Ancient Potion","Regen Potion"]},{"floor":54,"relics":["Bag of Preparation","Blue Candle","Orrery"],"cards":["LessonLearned","DeceiveReality","Halt","Study","Deep Breath","Panache"],"potions":["PowerPotion","Strength Potion","FearPotion"]}],"circlet_count":0,"master_deck":["AscendersBane","Defend_P","Defend_P","Eruption+1","Vigilance","Alpha+1","EmptyFist","ThirdEye","ThirdEye","SignatureMove+1","Adaptation","Omniscience+1","CarveReality+1","EmptyMind+1","TalkToTheHand+1","Consecrate+1","Omniscience+1","Vengeance","SandsOfTime","Worship","Wallop+1","Wallop"],"potion_use_per_floor":[[],[],[],[],["Ancient Potion"],[],[],[],[],["SpeedPotion"],[],[],[],[],[],["SneckoOil"],[],["BottledMiracle"],[],[],[],[],[],[],["ColorlessPotion"],[],[],[],[],[],[],[],[],[],[],[],[],[],[],[],["Swift Potion","SpeedPotion"],[],[],[],[],[],[],[],[],[],["EssenceOfSteel"],[],[],[],[],["DuplicationPotion"],[]],"relics":["PureWater","Ice Cream","Gremlin Horn","ClockworkSouvenir","Du-Vu Doll","Singing Bowl","Astrolabe","DollysMirror","Akabeko","PreservedInsect","TeardropLocket","Snecko Eye","Art of War","Vajra","Orichalcum","GoldenEye","Gambling Chip"],"potions_floor_usage":[5,10,16,18,25,41,41,51,56],"damage_taken":[{"damage":0,"enemies":"Cultist","floor":1,"turns":3},{"damage":2,"enemies":"Jaw Worm","floor":2,"turns":3},{"damage":2,"enemies":"2 Louse","floor":3,"turns":3},{"damage":17,"enemies":"Exordium Thugs","floor":4,"turns":4},{"damage":16,"enemies":"Large Slime","floor":5,"turns":5},{"damage":0,"enemies":"Gremlin Gang","floor":7,"turns":5},{"damage":10,"enemies":"Lagavulin","floor":10,"turns":7},{"damage":13,"enemies":"3 Sentries","floor":13,"turns":4},{"damage":29,"enemies":"The Guardian","floor":16,"turns":9},{"damage":0,"enemies":"Spheric Guardian","floor":18,"turns":2},{"damage":15,"enemies":"2 Thieves","floor":20,"turns":4},{"damage":25,"enemies":"Gremlin Leader","floor":25,"turns":5},{"damage":13,"enemies":"Chosen and Byrds","floor":28,"turns":4},{"damage":5,"enemies":"Slavers","floor":29,"turns":2},{"damage":30,"enemies":"Champ","floor":33,"turns":6},{"damage":0,"enemies":"Orb Walker","floor":35,"turns":1},{"damage":1,"enemies":"3 Darklings","floor":37,"turns":2},{"damage":0,"enemies":"Jaw Worm Horde","floor":38,"turns":2},{"damage":26,"enemies":"Giant Head","floor":41,"turns":6},{"damage":0,"enemies":"Reptomancer","floor":44,"turns":1},{"damage":1,"enemies":"2 Orb Walkers","floor":46,"turns":2},{"damage":12,"enemies":"Donu and Deca","floor":50,"turns":5},{"damage":13,"enemies":"Awakened One","floor":51,"turns":5},{"damage":0,"enemies":"Shield and Spear","floor":55,"turns":1},{"damage":81,"enemies":"The Heart","floor":56,"turns":4}],"seed_played":"-9117542147400886738","neow_bonus_log":{"cardsObtained":[],"cardsUpgraded":[],"cardsRemoved":[],"cardsTransformed":[],"relicsObtained":[],"maxHpGained":0,"goldGained":0,"damageTaken":0,"goldLost":0,"maxHpLost":6},"potions_obtained":[{"floor":2,"key":"Ancient Potion"},{"floor":7,"key":"SpeedPotion"},{"floor":10,"key":"SneckoOil"},{"floor":13,"key":"BottledMiracle"},{"floor":18,"key":"ColorlessPotion"},{"floor":25,"key":"Swift Potion"},{"floor":37,"key":"SpeedPotion"},{"floor":44,"key":"EssenceOfSteel"}],"is_trial":false,"path_per_floor":["M","M","M","M","M","R","M","R","T","E","$","?","E","?","R","B",null,"M","?","M","$","?","R","?","E","T","R","M","E","?","T","R","B",null,"M","?","M","M","?","R","E","$","T","E","$","?","$","?","R","B","B",null,"R","$","E","B",null],"character_chosen":"WATCHER","items_purchased":["ClockworkSouvenir","DollysMirror","Worship","Wallop","DuplicationPotion","Wallop"],"campfire_rested":4,"item_purchase_floors":[11,21,42,42,45,54],"current_hp_per_floor":[61,59,57,40,24,24,24,42,42,32,32,27,16,37,37,8,50,50,50,37,37,37,37,37,14,14,34,23,20,20,20,41,13,59,61,61,62,64,64,64,40,40,40,42,42,43,43,43,43,31,18,66,82,82,84,3],"gold":46,"neow_bonus":"THREE_RARE_CARDS","is_prod":false,"is_daily":false,"rewards_skipped":[],"chose_seed":false,"campfire_upgraded":4,"win_rate":0,"floor_exit_playtime":[501,590,709,834,955,968,1113,1133,1143,1357,1512,1521,1685,1703,1732,1978,2156,2352,2411,2570,2611,2666,2698,2726,2985,3023,3028,3203,3446,3453,3465,3521,3727,3769,3856,3899,3970,4090,4102,4109,4324,4419,4422,4480,4562,4675,4719,4722,4737,4946,5322,5341,5351,5409,5527,5777],"timestamp":1656707553,"blue_key_relic_skipped_log":{"floor":26,"relicID":"InkBottle"},"path_taken":["M","?","?","M","M","R","M","R","T","E","$","?","E","?","R","BOSS","M","?","M","$","?","R","?","E","T","R","?","E","?","?","R","BOSS","M","?","M","?","?","R","E","$","T","E","?","?","?","?","R","BOSS","BOSS","R","$","E","BOSS"],"build_version":"2022-03-07","purchased_purges":1,"victory":true,"max_hp_per_floor":[62,62,62,62,62,62,62,62,62,62,62,62,64,64,64,64,64,64,64,66,66,66,66,66,68,68,68,70,72,72,72,72,74,74,76,76,78,80,76,76,78,78,78,80,80,82,82,82,82,82,82,82,82,82,84,84],"relic_stats":{"Ice Cream":[134],"Gremlin Horn":[17,17],"Singing Bowl":26,"counters":[25,95],"Astrolabe":["CarveReality","EmptyMind","TalkToTheHand"],"PreservedInsect":267,"Orichalcum":[42],"GoldenEye":[9],"Gambling Chip":[0],"Snecko Eye":[51,60,61,65,-34],"Art of War":[5],"PureWater":[21],"obtain_stats":[{"Ice Cream":9,"Gremlin Horn":10,"Singing Bowl":13,"Astrolabe":17,"Vajra":43,"PreservedInsect":29,"TeardropLocket":31,"Orichalcum":44,"GoldenEye":46,"Akabeko":25,"ClockworkSouvenir":11,"Du-Vu Doll":12,"DollysMirror":21,"Gambling Chip":55,"Snecko Eye":34,"Art of War":41,"PureWater":0},{"Ice Cream":6,"Gremlin Horn":7,"Singing Bowl":8,"Astrolabe":9,"Vajra":19,"PreservedInsect":14,"TeardropLocket":14,"Orichalcum":20,"GoldenEye":21,"Akabeko":12,"ClockworkSouvenir":7,"Du-Vu Doll":7,"DollysMirror":11,"Gambling Chip":24,"Snecko Eye":15,"Art of War":19,"PureWater":0},{"Ice Cream":23,"Gremlin Horn":30,"Singing Bowl":34,"Astrolabe":43,"Vajra":77,"PreservedInsect":60,"TeardropLocket":60,"Orichalcum":78,"GoldenEye":80,"Akabeko":54,"ClockworkSouvenir":30,"Du-Vu Doll":30,"DollysMirror":49,"Gambling Chip":91,"Snecko Eye":66,"Art of War":77,"PureWater":0}]},"card_choices":[{"not_picked":["DevaForm","MasterReality"],"picked":"Alpha","floor":0},{"not_picked":["PathToVictory","Perseverance"],"picked":"EmptyFist","floor":1},{"not_picked":["Wireheading","EmptyBody"],"picked":"ThirdEye","floor":2},{"not_picked":["Swivel","FlyingSleeves","WheelKick"],"picked":"SKIP","floor":3},{"not_picked":["JustLucky","TalkToTheHand"],"picked":"ThirdEye","floor":4},{"not_picked":["FlurryOfBlows","Sanctity"],"picked":"SignatureMove","floor":5},{"not_picked":["TalkToTheHand","BowlingBash","EmptyBody"],"picked":"SKIP","floor":7},{"not_picked":["Evaluate","FlurryOfBlows"],"picked":"Adaptation","floor":10},{"not_picked":["Alpha","FollowUp","EmptyBody"],"picked":"Singing Bowl","floor":13},{"not_picked":["Devotion","Brilliance"],"picked":"Omniscience","floor":16},{"not_picked":["EmptyFist","SashWhip"],"picked":"Consecrate+1","floor":18},{"not_picked":["FlurryOfBlows","Adaptation","FollowUp"],"picked":"Singing Bowl","floor":20},{"not_picked":["Conclude","FollowUp","Indignation+1"],"picked":"Singing Bowl","floor":25},{"not_picked":["Adaptation+1","Consecrate","FollowUp"],"picked":"Singing Bowl","floor":28},{"not_picked":["TalkToTheHand","WheelKick","CarveReality"],"picked":"Singing Bowl","floor":29},{"not_picked":["Wish","Alpha","ConjureBlade"],"picked":"Singing Bowl","floor":33},{"not_picked":["FlurryOfBlows+1","SignatureMove","ThirdEye"],"picked":"Singing Bowl","floor":35},{"not_picked":["Halt","ForeignInfluence","CutThroughFate+1"],"picked":"Singing Bowl","floor":37},{"not_picked":["DeceiveReality","Conclude","FollowUp"],"picked":"Singing Bowl","floor":38},{"not_picked":["LikeWater","FlurryOfBlows","CutThroughFate"],"picked":"Singing Bowl","floor":41},{"not_picked":["EmptyMind","Wireheading","CarveReality"],"picked":"Singing Bowl","floor":44},{"not_picked":["Worship","Protect","SashWhip+1"],"picked":"Singing Bowl","floor":46},{"not_picked":["Devotion","Pray","Halt"],"picked":"Singing Bowl","floor":55}],"player_experience":7297762,"relics_obtained":[{"floor":9,"key":"Ice Cream"},{"floor":10,"key":"Gremlin Horn"},{"floor":13,"key":"Singing Bowl"},{"floor":25,"key":"Akabeko"},{"floor":29,"key":"PreservedInsect"},{"floor":31,"key":"TeardropLocket"},{"floor":41,"key":"Art of War"},{"floor":43,"key":"Vajra"},{"floor":44,"key":"Orichalcum"},{"floor":46,"key":"GoldenEye"},{"floor":55,"key":"Gambling Chip"}],"event_choices":[{"damage_healed":0,"gold_gain":0,"player_choice":"Success","damage_taken":5,"relics_obtained":["Du-Vu Doll"],"max_hp_gain":0,"max_hp_loss":0,"event_name":"Scrap Ooze","floor":12,"gold_loss":0},{"damage_healed":21,"gold_gain":0,"player_choice":"Banana","damage_taken":0,"max_hp_gain":0,"max_hp_loss":0,"event_name":"Big Fish","floor":14,"gold_loss":0},{"damage_healed":0,"gold_gain":0,"player_choice":"Forge","damage_taken":0,"max_hp_gain":0,"max_hp_loss":0,"event_name":"Accursed Blacksmith","floor":19,"gold_loss":0,"cards_upgraded":["Omniscience"]},{"damage_healed":0,"gold_gain":0,"cards_transformed":["Strike_P","Defend_P"],"player_choice":"Became Test Subject","damage_taken":0,"max_hp_gain":0,"max_hp_loss":0,"event_name":"Drug Dealer","floor":22,"gold_loss":0,"cards_obtained":["ConjureBlade","Pray"]},{"damage_healed":0,"gold_gain":50,"player_choice":"Pray","damage_taken":0,"max_hp_gain":0,"max_hp_loss":0,"event_name":"Golden Shrine","floor":24,"gold_loss":0},{"damage_healed":0,"gold_gain":0,"player_choice":"Ignored","damage_taken":0,"max_hp_gain":0,"max_hp_loss":0,"event_name":"Vampires","floor":30,"gold_loss":0},{"damage_healed":0,"gold_gain":0,"cards_transformed":["Pray","ConjureBlade"],"player_choice":"Transformed Cards","damage_taken":0,"max_hp_gain":0,"max_hp_loss":0,"event_name":"Designer","floor":36,"gold_loss":75,"cards_obtained":["Vengeance","SandsOfTime"]},{"damage_healed":0,"gold_gain":0,"player_choice":"Max HP","damage_taken":0,"max_hp_gain":0,"max_hp_loss":4,"event_name":"Winding Halls","floor":39,"gold_loss":0},{"damage_healed":0,"gold_gain":0,"player_choice":"Fight","damage_taken":0,"max_hp_gain":0,"max_hp_loss":0,"event_name":"Mysterious Sphere","floor":46,"gold_loss":0},{"damage_healed":0,"gold_gain":0,"player_choice":"Ignored","damage_taken":0,"max_hp_gain":0,"max_hp_loss":0,"event_name":"Tomb of Lord Red Mask","floor":48,"gold_loss":0}],"is_beta":false,"boss_relics":[{"not_picked":["Tiny House","Black Star"],"picked":"Astrolabe"},{"not_picked":["Empty Cage","Velvet Choker"],"picked":"Snecko Eye"}],"items_purged_floors":[47],"is_endless":false,"potions_floor_spawned":[2,7,10,13,18,25,37,44],"ascension_level":20,"potion_discard_per_floor":[[],[],[],[],[],[],[],[],[],[],[],[],[],[],[],[],[],[],[],[],[],[],[],[],[],[],[],[],[],[],[],[],[],[],[],[],[],[],[],[],[],[],[],[],[],[],[],[],[],[],[],[],[],[],[],[],[]]}