{"gold_per_floor":[109,126,96,21,21,49,0,30,30,57,14,14,30,48,48,122,122,138,164,164,164,179,179,213,213,238,271,271,297,307,34,34,109,109,128,140,140,15,70,102,132,132,132,147,182,182,200,200,200,200,200],"floor_reached":51,"playtime":6712,"items_purged":["Defend_B","Dualcast","Zap+1"],"score":1814,"play_id":"460e3f5c-fb44-46ea-9b5c-a509aec9334c","local_time":"20220516234516","falling_options_log":["All For One"],"is_ascension_mode":true,"campfire_choices":[{"data":"Hyperbeam","floor":12,"key":"SMITH"},{"data":"Sunder","floor":15,"key":"SMITH"},{"data":"Beam Cell","floor":23,"key":"SMITH"},{"data":"RitualDagger","floor":25,"key":"SMITH"},{"floor":28,"key":"REST"},{"floor":32,"key":"REST"},{"floor":42,"key":"REST"},{"floor":49,"key":"RECALL"}],"neow_cost":"NONE","seed_source_timestamp":0,"shop_contents":[{"floor":4,"relics":["Vajra","Juzu Bracelet","Frozen Eye"],"cards":["Meteor Strike","Barrage","Conserve Battery","Turbo","Heatsinks","PanicButton","The Bomb"],"potions":["DuplicationPotion","PotionOfCapacity","SpeedPotion"]},{"floor":11,"relics":["Emotion Chip","DataDisk","Toolbox"],"cards":["Blizzard","Compile Driver","Redo","Storm","Discovery","Secret Weapon"],"potions":["FocusPotion","SteroidPotion","CultistPotion"]},{"floor":31,"relics":["Shuriken","Strange Spoon"],"cards":["Compile Driver","Melter","Leap","Redo","Biased Cognition","Dark Shackles","Thinking Ahead"],"potions":["Strength Potion","Fire Potion","FocusPotion"]},{"floor":38,"relics":["StrikeDummy","Toy Ornithopter","Orrery"],"cards":["Sweeping Beam","Rip and Tear","Stack","Undo","Capacitor","Enlightenment","Violence"],"potions":["EssenceOfSteel","EssenceOfSteel","Weak Potion"]}],"circlet_count":0,"master_deck":["AscendersBane","Strike_B","Strike_B","Strike_B","Strike_B","Defend_B","Defend_B+1","Defend_B","Undo","Melter","Hyperbeam+1","Sweeping Beam","Hologram","Genetic Algorithm","Sunder+1","All For One","Conserve Battery","RitualDagger+1","Beam Cell+1","Glacier","Steam","Seek","Sweeping Beam+1","Core Surge","Steam+1","Hologram","Compile Driver","Genetic Algorithm"],"special_seed":0,"potion_use_per_floor":[[],[],[],[],[],["EssenceOfDarkness"],[],["FocusPotion"],[],[],[],[],[],[],[],["LiquidMemories"],[],[],[],[],[],[],[],[],[],[],[],[],["Swift Potion"],["BlessingOfTheForge"],[],[],["PowerPotion"],[],[],[],[],[],[],[],["SkillPotion"],[],[],[],["Explosive Potion"],[],["Fire Potion"],[],[],["GamblersBrew"],["AttackPotion"]],"relics":["Cracked Core","Ancient Tea Set","Lantern","PreservedInsect","Regal Pillow","Nunchaku","Runic Dome","War Paint","Strawberry","Dream Catcher","Mercury Hourglass","Kunai","Pen Nib","Fusion Hammer","WingedGreaves","Cables","White Beast Statue","TungstenRod"],"potions_floor_usage":[8,16,29,30,33,41,45,47,50,51],"damage_taken":[{"damage":10.0,"enemies":"Small Slimes","floor":1.0,"turns":3.0},{"damage":4.0,"enemies":"Jaw Worm","floor":2.0,"turns":5.0},{"damage":25.0,"enemies":"3 Sentries","floor":6.0,"turns":4.0},{"damage":17,"enemies":"Lagavulin","floor":8,"turns":7},{"damage":7,"enemies":"3 Sentries","floor":10,"turns":3},{"damage":2,"enemies":"2 Louse","floor":13,"turns":2},{"damage":0,"enemies":"Looter","floor":14,"turns":2},{"damage":0,"enemies":"Slime Boss","floor":16,"turns":5},{"damage":0,"enemies":"Chosen","floor":18,"turns":2},{"damage":20,"enemies":"2 Thieves","floor":22,"turns":4},{"damage":12,"enemies":"Book of Stabbing","floor":24,"turns":3},{"damage":0,"enemies":"Gremlin Leader","floor":27,"turns":3},{"damage":0,"enemies":"Slavers","floor":29,"turns":3},{"damage":9,"enemies":"Shelled Parasite and Fungi","floor":30,"turns":3},{"damage":48,"enemies":"Champ","floor":33,"turns":11},{"damage":9,"enemies":"3 Shapes","floor":35,"turns":3},{"damage":0,"enemies":"Orb Walker","floor":36,"turns":3},{"damage":0,"enemies":"2 Orb Walkers","floor":39,"turns":2},{"damage":0,"enemies":"Reptomancer","floor":40,"turns":2},{"damage":31,"enemies":"Nemesis","floor":41,"turns":5},{"damage":16,"enemies":"3 Darklings","floor":44,"turns":4},{"damage":8,"enemies":"Reptomancer","floor":45,"turns":4},{"damage":0,"enemies":"4 Shapes","floor":47,"turns":4},{"damage":27,"enemies":"Awakened One","floor":50,"turns":24},{"damage":22,"enemies":"Time Eater","floor":51,"turns":1}],"seed_played":"-6188799811361114519","neow_bonus_log":{"cardsObtained":[],"cardsUpgraded":[],"cardsRemoved":[],"cardsTransformed":[],"relicsObtained":["Ancient Tea Set"],"maxHpGained":0,"goldGained":0,"damageTaken":0,"goldLost":0,"maxHpLost":0},"potions_obtained":[{"floor":2.0,"key":"SkillPotion"},{"floor":3.0,"key":"FocusPotion"},{"floor":3.0,"key":"EssenceOfDarkness"},{"floor":6,"key":"SneckoOil"},{"floor":10,"key":"Swift Potion"},{"floor":13,"key":"LiquidMemories"},{"floor":22,"key":"PowerPotion"},{"floor":29,"key":"BlessingOfTheForge"},{"floor":36,"key":"GamblersBrew"},{"floor":40,"key":"SkillPotion"},{"floor":44,"key":"Explosive Potion"},{"floor":45,"key":"Fire Potion"},{"floor":47,"key":"AttackPotion"}],"is_trial":false,"path_per_floor":["M","M","?","$","?","E","?","E","T","E","$","R","M","M","R","B",null,"M","T","?","?","M","R","E","R","T","E","R","E","M","$","R","B",null,"M","M","?","$","?","E","E","R","T","M","E","?","M","?","R","B","B"],"character_chosen":"DEFECT","items_purchased":["Genetic Algorithm","Pen Nib"],"campfire_rested":3,"item_purchase_floors":[11,31],"current_hp_per_floor":[54,50,50,50,71,46,46,29,29,22,22,22,20,20,20,20,58,58,58,52,52,32,32,27,27,27,27,65,65,56,56,78,30,66,57,57,57,57,57,57,26,64,64,48,40,40,40,40,40,13,0],"gold":200,"neow_bonus":"RANDOM_COMMON_RELIC","is_prod":false,"is_daily":false,"rewards_skipped":[],"chose_seed":false,"campfire_upgraded":4,"win_rate":0,"floor_exit_playtime":[863,976,1001,1069,1076,1337,1341,1527,1589,1669,1693,1700,1809,1848,1855,2193,2284,2376,2385,2389,2402,2557,2565,2707,2721,2730,3094,3103,3220,3305,3515,3555,3943,4072,4233,4315,4320,4410,4605,4749,4971,4980,4988,5133,5378,5551,5628,5709,5714,6670],"timestamp":1652759116,"blue_key_relic_skipped_log":{"floor":43,"relicID":"Sundial"},"path_taken":["M","M","?","$","?","E","?","E","T","E","?","R","M","M","R","BOSS","M","?","?","?","M","R","E","R","T","E","R","E","M","$","R","BOSS","M","?","?","?","?","E","E","R","T","M","E","?","?","?","R","BOSS","BOSS"],"build_version":"2022-03-07","purchased_purges":3,"victory":false,"max_hp_per_floor":[71,71,71,71,71,71,71,71,71,71,71,71,71,71,71,71,71,71,71,71,71,71,71,78,78,78,78,78,78,78,78,78,78,78,78,78,78,78,78,78,78,78,78,78,78,78,78,78,78,78,78],"relic_stats":{"Regal Pillow":30,"counters":[25,112],"PreservedInsect":340,"Pen Nib":[15],"War Paint":["Defend_B","Zap"],"Ancient Tea Set":[16],"White Beast Statue":[0.0,0.0,0.06000000000000001,0.0,0.44000000000000006,0.0,0.44000000000000006,0.0,0.06000000000000001,0.0,0.0,1.5],"Mercury Hourglass":[272],"Cables":[38,26,12,0,0],"Nunchaku":[21],"Dream Catcher":3,"WingedGreaves":3,"Kunai":[39],"obtain_stats":[{"Lantern":6,"Regal Pillow":9,"PreservedInsect":8,"Pen Nib":31,"War Paint":19,"Ancient Tea Set":0,"White Beast Statue":41,"Mercury Hourglass":27,"Cables":40,"Runic Dome":17,"Nunchaku":10,"Dream Catcher":26,"Strawberry":24,"Fusion Hammer":34,"WingedGreaves":39,"Kunai":29,"Cracked Core":0,"TungstenRod":45},{"Lantern":3,"Regal Pillow":4,"PreservedInsect":4,"Pen Nib":14,"War Paint":9,"Ancient Tea Set":0,"White Beast Statue":20,"Mercury Hourglass":12,"Cables":19,"Runic Dome":8,"Nunchaku":5,"Dream Catcher":11,"Strawberry":11,"Fusion Hammer":15,"WingedGreaves":18,"Kunai":13,"Cracked Core":0,"TungstenRod":22},{"Lantern":12,"Regal Pillow":19,"PreservedInsect":19,"Pen Nib":49,"War Paint":33,"Ancient Tea Set":0,"White Beast Statue":75,"Mercury Hourglass":43,"Cables":70,"Runic Dome":31,"Nunchaku":22,"Dream Catcher":40,"Strawberry":40,"Fusion Hammer":60,"WingedGreaves":68,"Kunai":46,"Cracked Core":0,"TungstenRod":83}],"TungstenRod":5},"card_choices":[{"not_picked":["Turbo","Gash"],"picked":"Undo","floor":1.0},{"not_picked":["Fusion","Go for the Eyes"],"picked":"Melter","floor":2.0},{"not_picked":["Steam Power","Ball Lightning"],"picked":"Hyperbeam","floor":6},{"not_picked":["Gash","Redo"],"picked":"Sweeping Beam","floor":8},{"not_picked":["Creative AI","Streamline"],"picked":"Hologram","floor":10},{"not_picked":["Compile Driver","Ball Lightning","Scrape"],"picked":"SKIP","floor":13},{"not_picked":["Melter","Double Energy"],"picked":"Sunder","floor":14},{"not_picked":["Fission","Thunder Strike"],"picked":"All For One","floor":16},{"not_picked":["Heatsinks","Blizzard"],"picked":"Conserve Battery","floor":18},{"not_picked":["Tempest","Fusion"],"picked":"Beam Cell","floor":22},{"not_picked":["Ball Lightning","Storm"],"picked":"Glacier","floor":24},{"not_picked":["Darkness+1","Force Field+1","Melter"],"picked":"SKIP","floor":27},{"not_picked":["Darkness+1","Force Field+1","Melter"],"picked":"SKIP","floor":27},{"not_picked":["Darkness+1","Force Field+1","Melter"],"picked":"SKIP","floor":27},{"not_picked":["Hologram","Auto Shields"],"picked":"Steam","floor":28},{"not_picked":["Ball Lightning","White Noise","Defragment"],"picked":"SKIP","floor":29},{"not_picked":["Rebound","Heatsinks+1"],"picked":"Steam","floor":30},{"not_picked":["Thunder Strike","Amplify"],"picked":"Seek","floor":33},{"not_picked":["Ball Lightning","Double Energy","Turbo"],"picked":"SKIP","floor":35},{"not_picked":["Coolheaded","Cold Snap"],"picked":"Sweeping Beam+1","floor":36},{"not_picked":["Barrage+1","Streamline","Sweeping Beam"],"picked":"SKIP","floor":40},{"not_picked":["Heatsinks+1","Barrage"],"picked":"Core Surge","floor":41},{"not_picked":["Heatsinks","Melter"],"picked":"Steam+1","floor":42},{"not_picked":["Leap+1","Electrodynamics"],"picked":"Hologram","floor":44},{"not_picked":["Thunder Strike","Sweeping Beam+1","Sunder+1"],"picked":"SKIP","floor":45},{"not_picked":["Rebound","Conserve Battery"],"picked":"Compile Driver","floor":47}],"player_experience":12898409,"relics_obtained":[{"floor":6,"key":"Lantern"},{"floor":8,"key":"PreservedInsect"},{"floor":9,"key":"Regal Pillow"},{"floor":10,"key":"Nunchaku"},{"floor":19,"key":"War Paint"},{"floor":24,"key":"Strawberry"},{"floor":26,"key":"Dream Catcher"},{"floor":27,"key":"Mercury Hourglass"},{"floor":29,"key":"Kunai"},{"floor":39,"key":"WingedGreaves"},{"floor":40,"key":"Cables"},{"floor":41,"key":"White Beast Statue"},{"floor":45,"key":"TungstenRod"}],"event_choices":[{"damage_healed":0.0,"max_hp_gain":0.0,"max_hp_loss":0.0,"gold_gain":0.0,"event_name":"The Woman in Blue","player_choice":"Bought 2 Potions","floor":3.0,"gold_loss":0.0,"damage_taken":0.0},{"damage_healed":23.0,"max_hp_gain":0.0,"max_hp_loss":0.0,"gold_gain":0.0,"event_name":"Big Fish","player_choice":"Banana","floor":5.0,"gold_loss":0.0,"damage_taken":0.0},{"damage_healed":0,"gold_gain":0,"player_choice":"Left Gold","damage_taken":0,"max_hp_gain":0,"max_hp_loss":0,"event_name":"World of Goop","floor":7,"gold_loss":49},{"damage_healed":0,"gold_gain":0,"player_choice":"Joined the Cult","damage_taken":6,"max_hp_gain":0,"max_hp_loss":0,"event_name":"Nest","floor":20,"gold_loss":0,"cards_obtained":["RitualDagger"]},{"damage_healed":0,"gold_gain":0,"player_choice":"Ignored","damage_taken":0,"max_hp_gain":0,"max_hp_loss":0,"event_name":"The Mausoleum","floor":21,"gold_loss":0},{"cards_removed":["Steam"],"damage_healed":0,"gold_gain":0,"player_choice":"Removed Skill","damage_taken":0,"max_hp_gain":0,"max_hp_loss":0,"event_name":"Falling","floor":37,"gold_loss":0},{"damage_healed":0,"gold_gain":0,"player_choice":"Fight","damage_taken":0,"max_hp_gain":0,"max_hp_loss":0,"event_name":"Mysterious Sphere","floor":39,"gold_loss":0},{"damage_healed":0,"gold_gain":0,"player_choice":"Ignored","damage_taken":0,"max_hp_gain":0,"max_hp_loss":0,"event_name":"SecretPortal","floor":46,"gold_loss":0},{"damage_healed":0,"gold_gain":0,"player_choice":"Copied","damage_taken":0,"max_hp_gain":0,"max_hp_loss":0,"event_name":"Duplicator","floor":48,"gold_loss":0,"cards_obtained":["Genetic Algorithm"]}],"is_beta":false,"boss_relics":[{"not_picked":["Astrolabe","Black Star"],"picked":"Runic Dome"},{"not_picked":["Velvet Choker","Sozu"],"picked":"Fusion Hammer"}],"items_purged_floors":[4,31,38],"is_endless":false,"potions_floor_spawned":[2,6,10,13,22,29,36,40,44,45,47],"killed_by":"Time Eater","ascension_level":20}