{"gold_per_floor":[17,35,35,54,67,67,96,114,114,126,156,156,184,198,198,275,275,295,44,55,55,66,66,83,83,83,83,83,111,127,158,158,229,229,244,299,314,339,362,397,397,429,429,429],"floor_reached":44,"playtime":5377,"items_purged":["Zap"],"score":1264,"play_id":"82f9a5f8-4c6c-4f43-b02e-3a8896604b8f","local_time":"20220605204459","falling_options_log":["BootSequence","Buffer+1"],"is_ascension_mode":true,"campfire_choices":[{"data":"Beam Cell","floor":6,"key":"SMITH"},{"data":"Beam Cell","floor":12,"key":"SMITH"},{"data":"Sweeping Beam","floor":15,"key":"SMITH"},{"data":"Buffer","floor":23,"key":"SMITH"},{"data":"Flash of Steel","floor":25,"key":"SMITH"},{"floor":28,"key":"REST"},{"floor":32,"key":"RECALL"}],"neow_cost":"NO_GOLD","seed_source_timestamp":675718757196900,"shop_contents":[{"floor":19,"relics":["Letter Opener","Pear"],"cards":["Compile Driver","Lockon","Undo","Turbo","Heatsinks","Mayhem"],"potions":["ColorlessPotion","Explosive Potion","GamblersBrew"]}],"circlet_count":0,"master_deck":["AscendersBane","Strike_B","Strike_B","Strike_B","Defend_B","Defend_B","Defend_B","Defend_B","Hyperbeam+1","Beam Cell+1","Beam Cell+1","Rebound","Undo","Steam","Sweeping Beam+1","Buffer+1","CurseOfTheBell","Flash of Steel+1","All For One","FTL","BootSequence","Steam+1","Turbo","Coolheaded+1","Recycle"],"potion_use_per_floor":[[],[],[],[],[],[],[],[],[],[],["SkillPotion"],[],[],[],[],[],[],[],[],["EssenceOfSteel"],[],["Dexterity Potion"],[],["SkillPotion"],[],[],[],[],["EssenceOfSteel"],[],["EntropicBrew","Regen Potion"],[],["Strength Potion"],[],[],[],[],[],[],["DuplicationPotion"],[],["Dexterity Potion"],[],[]],"relics":["Cracked Core","DataDisk","Incense Burner","Shuriken","Calling Bell","Orichalcum","Darkstone Periapt","Bird Faced Urn","Membership Card","StoneCalendar","InkBottle","CeramicFish","Coffee Dripper","Thread and Needle","Ancient Tea Set","Vajra","CaptainsWheel"],"potions_floor_usage":[11,20,22,24,29,31,31,33,40,42],"damage_taken":[{"damage":0,"enemies":"2 Louse","floor":1,"turns":1},{"damage":0,"enemies":"Small Slimes","floor":2,"turns":2},{"damage":7,"enemies":"Jaw Worm","floor":4,"turns":2},{"damage":1,"enemies":"2 Fungi Beasts","floor":5,"turns":2},{"damage":0,"enemies":"Gremlin Nob","floor":7,"turns":2},{"damage":0,"enemies":"Red Slaver","floor":8,"turns":1},{"damage":0,"enemies":"Blue Slaver","floor":10,"turns":3},{"damage":4,"enemies":"Lagavulin","floor":11,"turns":6},{"damage":5,"enemies":"3 Sentries","floor":13,"turns":3},{"damage":17,"enemies":"3 Louse","floor":14,"turns":5},{"damage":24,"enemies":"Slime Boss","floor":16,"turns":7},{"damage":7,"enemies":"3 Byrds","floor":18,"turns":5},{"damage":3,"enemies":"2 Thieves","floor":20,"turns":4},{"damage":9,"enemies":"Cultist and Chosen","floor":22,"turns":5},{"damage":0,"enemies":"Snake Plant","floor":24,"turns":2},{"damage":4,"enemies":"Book of Stabbing","floor":29,"turns":4},{"damage":2,"enemies":"Chosen and Byrds","floor":30,"turns":5},{"damage":2,"enemies":"Slavers","floor":31,"turns":5},{"damage":0,"enemies":"Collector","floor":33,"turns":7},{"damage":0,"enemies":"Orb Walker","floor":35,"turns":3},{"damage":30,"enemies":"2 Orb Walkers","floor":36,"turns":4},{"damage":0,"enemies":"3 Darklings","floor":37,"turns":4},{"damage":0,"enemies":"Sphere and 2 Shapes","floor":38,"turns":3},{"damage":0,"enemies":"Spire Growth","floor":39,"turns":4},{"damage":41,"enemies":"Giant Head","floor":40,"turns":7},{"damage":0,"enemies":"Reptomancer","floor":42,"turns":6},{"damage":32,"enemies":"Nemesis","floor":44,"turns":2}],"seed_played":"-6176307541685971577","neow_bonus_log":{"cardsObtained":[],"cardsUpgraded":[],"cardsRemoved":[],"cardsTransformed":[],"relicsObtained":[],"maxHpGained":0,"goldGained":0,"damageTaken":0,"goldLost":99,"maxHpLost":0},"potions_obtained":[{"floor":1,"key":"EssenceOfSteel"},{"floor":8,"key":"SkillPotion"},{"floor":14,"key":"SkillPotion"},{"floor":20,"key":"Dexterity Potion"},{"floor":22,"key":"EntropicBrew"},{"floor":24,"key":"EssenceOfSteel"},{"floor":36,"key":"DuplicationPotion"},{"floor":37,"key":"EssenceOfSteel"},{"floor":38,"key":"Dexterity Potion"}],"is_trial":false,"path_per_floor":["M","M","?","M","M","R","E","M","T","M","E","R","E","M","R","B",null,"M","$","M","?","M","R","M","R","T","?","R","E","M","E","R","B",null,"M","?","M","M","M","E","?","E","T","E"],"character_chosen":"DEFECT","items_purchased":["Membership Card","Flash of Steel"],"campfire_rested":1,"item_purchase_floors":[19,19],"current_hp_per_floor":[64,64,64,57,56,56,56,56,56,56,52,52,47,30,30,6,55,50,50,49,49,42,42,42,42,42,36,57,55,53,67,67,69,71,71,43,43,43,45,6,6,8,8,0],"gold":429,"neow_bonus":"THREE_RARE_CARDS","is_prod":false,"is_daily":false,"rewards_skipped":[{"floor":10,"relics":[],"potions":["Strength Potion"]}],"chose_seed":false,"campfire_upgraded":5,"win_rate":0,"floor_exit_playtime":[372,449,474,550,578,586,608,678,750,819,1040,1050,1142,1326,1333,1626,2000,2152,2422,2528,2729,2890,2909,3036,3043,3047,3193,3197,3326,3487,3653,3669,3956,4066,4139,4280,4382,4651,4806,5062,5069,5318,5321],"timestamp":1654476299,"blue_key_relic_skipped_log":{"floor":9,"relicID":"Blue Candle"},"path_taken":["M","M","?","M","M","R","E","M","T","M","E","R","E","M","R","BOSS","M","$","M","?","?","R","M","R","T","?","R","E","M","E","R","BOSS","M","?","?","M","M","E","?","E","T","E"],"build_version":"2022-03-07","purchased_purges":1,"victory":false,"max_hp_per_floor":[71,71,71,71,71,71,71,71,71,71,71,71,71,71,71,71,71,71,71,71,71,71,71,71,71,71,71,71,71,71,71,71,71,71,71,71,71,71,71,71,71,71,71,71],"relic_stats":{"Darkstone Periapt":0,"counters":[27,104],"Shuriken":[50],"Bird Faced Urn":[20],"CeramicFish":36,"StoneCalendar":[18],"Membership Card":82,"Orichalcum":[150],"Ancient Tea Set":[0],"obtain_stats":[{"Darkstone Periapt":17,"CeramicFish":31,"Vajra":42,"StoneCalendar":26,"Thread and Needle":36,"Incense Burner":11,"Orichalcum":17,"Ancient Tea Set":40,"Calling Bell":17,"DataDisk":7,"CaptainsWheel":43,"Shuriken":13,"Bird Faced Urn":17,"Coffee Dripper":34,"Membership Card":19,"Cracked Core":0,"InkBottle":29},{"Darkstone Periapt":11,"CeramicFish":18,"Vajra":26,"StoneCalendar":15,"Thread and Needle":21,"Incense Burner":8,"Orichalcum":11,"Ancient Tea Set":25,"Calling Bell":11,"DataDisk":5,"CaptainsWheel":26,"Shuriken":9,"Bird Faced Urn":11,"Coffee Dripper":19,"Membership Card":12,"Cracked Core":0,"InkBottle":16},{"Darkstone Periapt":34,"CeramicFish":64,"Vajra":102,"StoneCalendar":50,"Thread and Needle":78,"Incense Burner":19,"Orichalcum":34,"Ancient Tea Set":96,"Calling Bell":34,"DataDisk":9,"CaptainsWheel":102,"Shuriken":22,"Bird Faced Urn":34,"Coffee Dripper":71,"Membership Card":39,"Cracked Core":0,"InkBottle":54}],"InkBottle":[24]},"card_choices":[{"not_picked":["Rainbow","Core Surge"],"picked":"Hyperbeam","floor":0},{"not_picked":["Hello World","Ball Lightning","Coolheaded"],"picked":"SKIP","floor":1},{"not_picked":["Sunder","Darkness"],"picked":"Beam Cell","floor":2},{"not_picked":["Cold Snap","Steam Power"],"picked":"Beam Cell","floor":4},{"not_picked":["Barrage","Defragment"],"picked":"Rebound","floor":5},{"not_picked":["Tempest","Ball Lightning"],"picked":"Undo","floor":7},{"not_picked":["Blizzard","Fusion","Sweeping Beam"],"picked":"SKIP","floor":8},{"not_picked":["Tempest","Loop","Doom and Gloom"],"picked":"SKIP","floor":10},{"not_picked":["Tempest","Loop","Doom and Gloom"],"picked":"SKIP","floor":10},{"not_picked":["Heatsinks","Thunder Strike"],"picked":"Steam","floor":11},{"not_picked":["Coolheaded","Blizzard","Ball Lightning"],"picked":"SKIP","floor":13},{"not_picked":["Gash","Stack"],"picked":"Sweeping Beam","floor":14},{"not_picked":["Amplify","Machine Learning"],"picked":"Buffer","floor":16},{"not_picked":["Chaos","Loop","Compile Driver"],"picked":"SKIP","floor":18},{"not_picked":["Rip and Tear","Gash","Leap"],"picked":"SKIP","floor":20},{"not_picked":["Heatsinks","Stack","Rebound"],"picked":"SKIP","floor":22},{"not_picked":["Coolheaded","Darkness"],"picked":"FTL","floor":24},{"not_picked":["Redo","Reinforced Body"],"picked":"BootSequence","floor":29},{"not_picked":["Rebound","Gash","Streamline"],"picked":"SKIP","floor":30},{"not_picked":["Tempest","Double Energy","Conserve Battery"],"picked":"SKIP","floor":31},{"not_picked":["Storm","Rip and Tear","Gash"],"picked":"SKIP","floor":35},{"not_picked":["Redo","Conserve Battery"],"picked":"Steam+1","floor":36},{"not_picked":["Sunder","Leap","Redo"],"picked":"SKIP","floor":37},{"not_picked":["Cold Snap","Compile Driver","Turbo"],"picked":"SKIP","floor":38},{"not_picked":["Cold Snap","Compile Driver","Turbo"],"picked":"SKIP","floor":38},{"not_picked":["Cold Snap","Compile Driver"],"picked":"Turbo","floor":38},{"not_picked":["Hyperbeam","Redo"],"picked":"Coolheaded+1","floor":39},{"not_picked":["Sunder","Cold Snap"],"picked":"Recycle","floor":40},{"not_picked":["Gash+1","Coolheaded","Blizzard"],"picked":"SKIP","floor":42},{"not_picked":["Gash+1","Coolheaded","Blizzard"],"picked":"SKIP","floor":42}],"player_experience":12924679,"relics_obtained":[{"floor":7,"key":"DataDisk"},{"floor":11,"key":"Incense Burner"},{"floor":13,"key":"Shuriken"},{"floor":17,"key":"Orichalcum"},{"floor":17,"key":"Darkstone Periapt"},{"floor":17,"key":"Bird Faced Urn"},{"floor":26,"key":"StoneCalendar"},{"floor":29,"key":"InkBottle"},{"floor":31,"key":"CeramicFish"},{"floor":36,"key":"Thread and Needle"},{"floor":40,"key":"Ancient Tea Set"},{"floor":42,"key":"Vajra"},{"floor":43,"key":"CaptainsWheel"}],"event_choices":[{"damage_healed":0,"gold_gain":0,"player_choice":"Forge","damage_taken":0,"max_hp_gain":0,"max_hp_loss":0,"event_name":"Accursed Blacksmith","floor":3,"gold_loss":0,"cards_upgraded":["Hyperbeam"]},{"damage_healed":0,"gold_gain":0,"cards_transformed":["Dualcast"],"player_choice":"Transformed","damage_taken":0,"max_hp_gain":0,"max_hp_loss":0,"event_name":"Transmorgrifier","floor":21,"gold_loss":0,"cards_obtained":["All For One"]},{"damage_healed":0,"gold_gain":0,"player_choice":"","damage_taken":6,"max_hp_gain":0,"max_hp_loss":0,"event_name":"Knowing Skull","floor":27,"potions_obtained":[],"gold_loss":0,"cards_obtained":[]},{"damage_healed":0,"gold_gain":0,"player_choice":"Fight","damage_taken":0,"max_hp_gain":0,"max_hp_loss":0,"event_name":"Mysterious Sphere","floor":36,"gold_loss":0},{"cards_removed":["Strike_B"],"damage_healed":0,"gold_gain":0,"player_choice":"Removed Attack","damage_taken":0,"max_hp_gain":0,"max_hp_loss":0,"event_name":"Falling","floor":41,"gold_loss":0}],"is_beta":false,"boss_relics":[{"not_picked":["Velvet Choker","SacredBark"],"picked":"Calling Bell"},{"not_picked":["Inserter","Runic Dome"],"picked":"Coffee Dripper"}],"items_purged_floors":[19],"is_endless":false,"potions_floor_spawned":[1,8,10,14,20,22,24,36,37,38],"killed_by":"Nemesis","ascension_level":20,"potion_discard_per_floor":[[],[],[],[],[],[],[],[],[],[],[],[],[],[],[],[],[],[],[],[],[],[],[],[],[],[],[],[],[],[],[],[],[],[],[],[],[],["EssenceOfSteel"],[],[],[],[],[],[]]}