{"gold_per_floor":[110,110,125,50,63,100,100,100,100,100,138,216,228,278,278,358,358,374,424,474,48,0,0,22,22,49,79,158,176,196,246,246,246],"floor_reached":33,"playtime":5275,"items_purged":["Regret","Zap"],"score":550,"play_id":"e14018c5-838d-431c-b1a4-6d0b7dae2f06","local_time":"20220613220311","is_ascension_mode":true,"campfire_choices":[{"data":"Defragment","floor":7,"key":"SMITH"},{"floor":15,"key":"REST"},{"data":"Buffer","floor":23,"key":"SMITH"},{"data":"Fission","floor":25,"key":"SMITH"},{"floor":32,"key":"REST"}],"neow_cost":"NONE","seed_source_timestamp":371415120149700,"shop_contents":[{"floor":4,"relics":["Akabeko","Oddly Smooth Stone","Runic Capacitor"],"cards":["Ball Lightning","Meteor Strike","BootSequence","Multi-Cast","Capacitor","Panacea","Secret Weapon"],"potions":["FocusPotion","FairyPotion","Fire Potion"]},{"floor":21,"relics":["Omamori","Gremlin Horn"],"cards":["Rip and Tear","Hologram","Redo","Storm","Enlightenment","Metamorphosis"],"potions":["Fruit Juice","Weak Potion"]}],"circlet_count":0,"master_deck":["AscendersBane","Strike_B","Strike_B","Defend_B","Defend_B","Defend_B","Defend_B","Dualcast","Ball Lightning","Cold Snap","Defragment+1","Fission+1","Cold Snap","Buffer+1","FTL","FTL","Beam Cell","Barrage"],"potion_use_per_floor":[[],[],[],[],[],[],[],[],[],[],["Strength Potion"],[],[],[],[],[],[],["EssenceOfSteel"],[],[],[],[],[],["Regen Potion"],[],[],["Fire Potion"],["AttackPotion"],[],["Dexterity Potion"],[],[],["DuplicationPotion"]],"relics":["Cracked Core","NeowsBlessing","Blue Candle","CeramicFish","Shuriken","SsserpentHead","Anchor","Runic Dome","Sling","Boot","Matryoshka"],"potions_floor_usage":[11,18,24,27,28,30,33],"damage_taken":[{"damage":0,"enemies":"Cultist","floor":1,"turns":1},{"damage":0,"enemies":"2 Louse","floor":3,"turns":1},{"damage":0,"enemies":"Jaw Worm","floor":5,"turns":1},{"damage":32,"enemies":"Gremlin Nob","floor":6,"turns":4},{"damage":18,"enemies":"3 Sentries","floor":11,"turns":7},{"damage":1,"enemies":"Large Slime","floor":12,"turns":5},{"damage":0,"enemies":"Lots of Slimes","floor":13,"turns":4},{"damage":4,"enemies":"The Guardian","floor":16,"turns":13},{"damage":0,"enemies":"Spheric Guardian","floor":18,"turns":5},{"damage":1,"enemies":"Chosen","floor":24,"turns":5},{"damage":14,"enemies":"Slavers","floor":27,"turns":7},{"damage":14,"enemies":"3 Cultists","floor":28,"turns":6},{"damage":0,"enemies":"Snake Plant","floor":29,"turns":5},{"damage":3,"enemies":"Shelled Parasite and Fungi","floor":30,"turns":5},{"damage":55,"enemies":"Collector","floor":33,"turns":9}],"seed_played":"3517029361305536710","neow_bonus_log":{"cardsObtained":[],"cardsUpgraded":[],"cardsRemoved":[],"cardsTransformed":[],"relicsObtained":["NeowsBlessing"],"maxHpGained":0,"goldGained":0,"damageTaken":0,"goldLost":0,"maxHpLost":0},"potions_obtained":[{"floor":5,"key":"Strength Potion"},{"floor":12,"key":"GamblersBrew"},{"floor":13,"key":"DuplicationPotion"},{"floor":16,"key":"EssenceOfSteel"},{"floor":24,"key":"Fire Potion"},{"floor":27,"key":"AttackPotion"},{"floor":29,"key":"Dexterity Potion"}],"is_trial":false,"path_per_floor":["M","?","M","$","M","E","R","?","T","?","E","M","M","?","R","B",null,"M","?","?","$","?","R","M","R","T","E","M","M","M","T","R","B"],"character_chosen":"DEFECT","items_purchased":["FTL","Sling","Regen Potion"],"campfire_rested":2,"item_purchase_floors":[21,21,21],"current_hp_per_floor":[64,64,64,64,64,32,32,32,32,32,14,13,13,13,34,30,61,61,41,41,41,41,41,54,54,54,40,26,26,23,23,45,0],"gold":246,"neow_bonus":"THREE_ENEMY_KILL","is_prod":false,"is_daily":false,"rewards_skipped":[],"chose_seed":false,"campfire_upgraded":3,"win_rate":0,"floor_exit_playtime":[336,350,379,506,586,1588,1620,1691,1712,1768,1987,2095,2340,2346,2777,3080,3153,3332,3385,3402,3703,3821,3865,3986,3999,4039,4181,4495,4747,4841,4845,4857],"timestamp":1655172191,"blue_key_relic_skipped_log":{"floor":26,"relicID":"Art of War"},"path_taken":["M","?","M","$","?","E","R","?","T","?","E","?","M","?","R","BOSS","M","?","?","$","?","R","M","R","T","E","?","M","M","?","R","BOSS"],"build_version":"2022-03-07","purchased_purges":2,"victory":false,"max_hp_per_floor":[71,71,71,71,71,71,71,71,71,71,71,71,71,71,71,71,71,71,76,76,76,76,76,76,76,76,76,76,76,76,76,76,76],"relic_stats":{"SsserpentHead":350,"Matryoshka":0,"counters":[15,78],"Shuriken":[23],"Blue Candle":[0],"CeramicFish":72,"Boot":[25],"obtain_stats":[{"SsserpentHead":10,"Runic Dome":17,"Anchor":11,"Matryoshka":31,"NeowsBlessing":0,"Shuriken":9,"Blue Candle":2,"CeramicFish":6,"Cracked Core":0,"Sling":21,"Boot":27},{"SsserpentHead":4,"Runic Dome":8,"Anchor":5,"Matryoshka":14,"NeowsBlessing":0,"Shuriken":4,"Blue Candle":1,"CeramicFish":4,"Cracked Core":0,"Sling":9,"Boot":11},{"SsserpentHead":7,"Runic Dome":36,"Anchor":14,"Matryoshka":69,"NeowsBlessing":0,"Shuriken":7,"Blue Candle":1,"CeramicFish":7,"Cracked Core":0,"Sling":41,"Boot":53}]},"card_choices":[{"not_picked":["Conserve Battery","Chaos"],"picked":"Ball Lightning","floor":1},{"not_picked":["White Noise","Double Energy"],"picked":"Cold Snap","floor":3},{"not_picked":["Force Field","Streamline","Scrape"],"picked":"SKIP","floor":5},{"not_picked":["Sweeping Beam","Recycle"],"picked":"Defragment","floor":6},{"not_picked":["Leap","Chaos"],"picked":"Fission","floor":11},{"not_picked":["Gash","Redo"],"picked":"Cold Snap","floor":12},{"not_picked":["Rebound","Stack","Auto Shields"],"picked":"SKIP","floor":13},{"not_picked":["Rebound","Stack","Auto Shields"],"picked":"SKIP","floor":13},{"not_picked":["All For One","Hyperbeam"],"picked":"Buffer","floor":16},{"not_picked":["Barrage","Steam","Turbo"],"picked":"SKIP","floor":18},{"not_picked":["Undo","Consume"],"picked":"FTL","floor":24},{"not_picked":["Rip and Tear","Turbo+1","Blizzard"],"picked":"SKIP","floor":27},{"not_picked":["Coolheaded","Go for the Eyes"],"picked":"Beam Cell","floor":28},{"not_picked":["Streamline+1","Turbo","Thunder Strike"],"picked":"SKIP","floor":29},{"not_picked":["Gash","Go for the Eyes"],"picked":"Barrage","floor":30}],"player_experience":12973461,"relics_obtained":[{"floor":6,"key":"CeramicFish"},{"floor":9,"key":"Shuriken"},{"floor":11,"key":"Anchor"},{"floor":27,"key":"Boot"},{"floor":31,"key":"Matryoshka"}],"event_choices":[{"damage_healed":0,"gold_gain":0,"player_choice":"Box","damage_taken":0,"relics_obtained":["Blue Candle"],"max_hp_gain":0,"max_hp_loss":0,"event_name":"Big Fish","floor":2,"gold_loss":0,"cards_obtained":["Regret"]},{"cards_removed":["Strike_B"],"damage_healed":0,"gold_gain":0,"player_choice":"Forget","damage_taken":0,"max_hp_gain":0,"max_hp_loss":0,"event_name":"Living Wall","floor":8,"gold_loss":0},{"damage_healed":0,"gold_gain":0,"player_choice":"Trade","damage_taken":0,"relics_obtained":["SsserpentHead"],"max_hp_gain":0,"max_hp_loss":0,"event_name":"FaceTrader","floor":10,"gold_loss":0},{"damage_healed":0,"gold_gain":0,"player_choice":"Ignored","damage_taken":0,"max_hp_gain":0,"max_hp_loss":0,"event_name":"Liars Game","floor":14,"gold_loss":0},{"damage_healed":0,"gold_gain":0,"player_choice":"Shed Blood","damage_taken":25,"max_hp_gain":5,"max_hp_loss":0,"event_name":"Forgotten Altar","floor":19,"gold_loss":0},{"cards_removed":["Strike_B"],"damage_healed":0,"gold_gain":0,"player_choice":"Purged","damage_taken":0,"max_hp_gain":0,"max_hp_loss":0,"event_name":"Purifier","floor":20,"gold_loss":0},{"damage_healed":0,"gold_gain":0,"player_choice":"Paid Fearfully","damage_taken":0,"max_hp_gain":0,"max_hp_loss":0,"event_name":"Masked Bandits","floor":22,"gold_loss":98}],"is_beta":false,"boss_relics":[{"not_picked":["Velvet Choker","Philosopher\u0027s Stone"],"picked":"Runic Dome"}],"items_purged_floors":[4,21],"is_endless":false,"potions_floor_spawned":[5,12,13,16,24,27,29],"killed_by":"Collector","ascension_level":20,"potion_discard_per_floor":[[],[],[],[],[],[],[],[],[],[],[],[],[],[],[],["GamblersBrew"],[],[],[],[],[],[],[],[],[],[],[],[],[],[],[],[],[]]}