{"gold_per_floor":[116,166,179,179,1,34,34,34,59,76,95,115,150,170,170,243,243,258,258,258,268,12,12,42,42,67,67,67,87,87,106,106,179,179,198,198,7,18,34,59,59,74,127,144,169,195,247,247,247,247,247,247,247,20,47,47],"floor_reached":57,"playtime":7117,"items_purged":[],"score":2709,"play_id":"2fe6d411-dcc0-448e-99c3-e48a0f63a29e","local_time":"20220713131012","falling_options_log":["Chill","Biased Cognition+1"],"is_ascension_mode":true,"campfire_choices":[{"data":"Doom and Gloom","floor":7,"key":"SMITH"},{"data":"Defragment","floor":15,"key":"SMITH"},{"data":"RitualDagger","floor":23,"key":"SMITH"},{"data":"Biased Cognition","floor":25,"key":"SMITH"},{"data":"Genetic Algorithm","floor":30,"key":"SMITH"},{"data":"Coolheaded","floor":32,"key":"SMITH"},{"data":"Seek","floor":41,"key":"SMITH"},{"floor":49,"key":"RECALL"},{"data":"Seek","floor":53,"key":"SMITH"}],"neow_cost":"TEN_PERCENT_HP_LOSS","seed_source_timestamp":1220310934646300,"shop_contents":[{"floor":5,"relics":["Pantograph","Pear","ClockworkSouvenir"],"cards":["Barrage","Reinforced Body","Steam Power","Heatsinks","Thinking Ahead"],"potions":["Explosive Potion","Dexterity Potion","SkillPotion"]},{"floor":22,"relics":["War Paint","CeramicFish"],"cards":["Doom and Gloom","Scrape","Coolheaded","Heatsinks","Mind Blast","Chrysalis"],"potions":["PotionOfCapacity","SteroidPotion","Strength Potion"]},{"floor":28,"relics":["Vajra","Bag of Preparation","HandDrill"],"cards":["Beam Cell","Gash","Consume","Hologram","Loop","Dark Shackles","Mayhem"],"potions":["Strength Potion","SpeedPotion","BlessingOfTheForge"]},{"floor":37,"relics":["Thread and Needle","Lizard Tail","Cauldron"],"cards":["Beam Cell","Barrage","Coolheaded","Multi-Cast","Defragment","Flash of Steel"],"potions":["Swift Potion","Strength Potion","Regen Potion"]},{"floor":54,"relics":["Happy Flower","Lantern"],"cards":["Barrage","Streamline","Conserve Battery","Reprogram","Heatsinks","Deep Breath","Sadistic Nature"],"potions":["SkillPotion","FearPotion"]}],"circlet_count":0,"master_deck":["AscendersBane","Strike_B","Defend_B","Defend_B","Defend_B","Zap","Dualcast","Hologram","Defragment+1","Doom and Gloom+1","Flash of Steel","Rip and Tear","Biased Cognition+1","Chill","Core Surge","CurseOfTheBell","Glacier","RitualDagger+1","Leap","Glacier","Coolheaded+1","Genetic Algorithm+1","Double Energy","Seek+1","Master of Strategy","Chill","Glacier","Seek+1","Turbo","Compile Driver","Glacier","Redo","Coolheaded+1"],"potion_use_per_floor":[[],[],[],[],[],["SkillPotion"],[],[],[],[],[],[],["Swift Potion"],[],[],["FocusPotion"],[],[],[],[],["Weak Potion"],[],[],["FocusPotion"],[],[],[],[],[],[],[],[],[],[],[],[],[],[],[],["Weak Potion"],[],[],[],[],["Fruit Juice"],[],[],[],[],[],[],[],[],[],[],["PowerPotion","Weak Potion"],[]],"relics":["Cracked Core","Eternal Feather","Pen Nib","Darkstone Periapt","Calling Bell","MealTicket","Mercury Hourglass","Dead Branch","Toolbox","Ancient Tea Set","Art of War","Runic Dome","Sundial","Incense Burner","Singing Bowl","White Beast Statue","Runic Capacitor","Blood Vial"],"potions_floor_usage":[6,13,16,21,24,40,45,56,56],"damage_taken":[{"damage":2,"enemies":"Jaw Worm","floor":1,"turns":5},{"damage":2,"enemies":"Cultist","floor":3,"turns":4},{"damage":19,"enemies":"3 Sentries","floor":6,"turns":8},{"damage":1,"enemies":"2 Louse","floor":10,"turns":2},{"damage":0,"enemies":"Gremlin Gang","floor":11,"turns":1},{"damage":8,"enemies":"3 Louse","floor":12,"turns":2},{"damage":12,"enemies":"Lagavulin","floor":13,"turns":5},{"damage":9,"enemies":"Red Slaver","floor":14,"turns":3},{"damage":5,"enemies":"Hexaghost","floor":16,"turns":6},{"damage":30,"enemies":"Shell Parasite","floor":18,"turns":4},{"damage":12,"enemies":"3 Byrds","floor":21,"turns":4},{"damage":33,"enemies":"Book of Stabbing","floor":24,"turns":4},{"damage":7,"enemies":"Centurion and Healer","floor":29,"turns":3},{"damage":0,"enemies":"Sentry and Sphere","floor":31,"turns":6},{"damage":16,"enemies":"Champ","floor":33,"turns":16},{"damage":8,"enemies":"3 Darklings","floor":35,"turns":6},{"damage":0,"enemies":"3 Shapes","floor":38,"turns":6},{"damage":0,"enemies":"Sphere and 2 Shapes","floor":39,"turns":4},{"damage":4,"enemies":"Giant Head","floor":40,"turns":8},{"damage":7,"enemies":"Spire Growth","floor":42,"turns":4},{"damage":7,"enemies":"3 Darklings","floor":44,"turns":5},{"damage":0,"enemies":"Mind Bloom Boss Battle","floor":45,"turns":9},{"damage":16,"enemies":"Nemesis","floor":46,"turns":13},{"damage":0,"enemies":"Sphere and 2 Shapes","floor":47,"turns":9},{"damage":9,"enemies":"Time Eater","floor":50,"turns":29},{"damage":28,"enemies":"Awakened One","floor":51,"turns":25},{"damage":0,"enemies":"Shield and Spear","floor":55,"turns":12},{"damage":37,"enemies":"The Heart","floor":56,"turns":10}],"seed_played":"-2057634452889190735","neow_bonus_log":{"cardsObtained":[],"cardsUpgraded":[],"cardsRemoved":["Strike_B","Strike_B"],"cardsTransformed":[],"relicsObtained":[],"maxHpGained":0,"goldGained":0,"damageTaken":0,"goldLost":0,"maxHpLost":7},"potions_obtained":[{"floor":1,"key":"Swift Potion"},{"floor":3,"key":"SkillPotion"},{"floor":12,"key":"FearPotion"},{"floor":13,"key":"FocusPotion"},{"floor":14,"key":"FocusPotion"},{"floor":18,"key":"CultistPotion"},{"floor":19,"key":"Weak Potion"},{"floor":33,"key":"Fruit Juice"},{"floor":35,"key":"Weak Potion"},{"floor":42,"key":"Strength Potion"},{"floor":45,"key":"Weak Potion"},{"floor":47,"key":"FairyPotion"}],"is_trial":false,"path_per_floor":["M","?","M","?","$","E","R","?","T","M","M","M","E","M","R","B",null,"M","?","?","M","$","R","E","R","T","?","$","M","R","M","R","B",null,"M","?","$","M","M","E","R","M","T","M","?","E","M","T","R","B","B",null,"R","$","E","B",null],"character_chosen":"DEFECT","items_purchased":["Doom and Gloom","Flash of Steel","Glacier","Toolbox","Master of Strategy","Runic Capacitor","PowerPotion"],"campfire_rested":0,"item_purchase_floors":[5,5,22,22,37,54,54],"current_hp_per_floor":[62,56,54,54,54,35,41,41,41,40,40,32,20,11,20,15,58,28,28,22,10,25,37,4,16,16,16,31,24,36,36,48,32,61,53,53,68,68,68,64,70,63,63,56,61,45,45,45,63,54,26,63,75,75,75,38],"gold":47,"neow_bonus":"REMOVE_TWO","is_prod":false,"is_daily":false,"rewards_skipped":[{"floor":19,"relics":[],"potions":["EssenceOfSteel"]},{"floor":55,"relics":[],"potions":["Energy Potion"]}],"chose_seed":false,"campfire_upgraded":8,"win_rate":0,"floor_exit_playtime":[176,182,229,256,407,626,633,676,679,707,729,790,968,1151,1157,1308,1460,1547,1554,1594,1822,1873,1936,2105,2130,2136,2159,2177,2313,2320,2491,2507,2829,2956,3166,3171,3206,3384,3512,3817,3827,3980,3984,4157,4507,4808,5002,5006,5012,5517,6053,6070,6085,6193,6466,7117],"timestamp":1657732212,"blue_key_relic_skipped_log":{"floor":43,"relicID":"MawBank"},"path_taken":["M","?","M","?","$","E","R","?","T","M","M","M","E","M","R","BOSS","M","?","?","M","$","R","E","R","T","?","$","?","R","M","R","BOSS","M","?","$","M","M","E","R","M","T","M","?","E","M","?","R","BOSS","BOSS","R","$","E","BOSS"],"build_version":"2022-03-07","purchased_purges":0,"victory":true,"max_hp_per_floor":[64,64,64,64,64,64,64,64,64,64,64,64,64,64,64,64,70,70,70,70,70,70,70,70,70,70,70,70,70,70,70,70,70,70,70,70,70,70,70,70,70,70,70,70,75,75,75,75,75,75,75,75,75,75,75,75],"relic_stats":{"Darkstone Periapt":6,"Singing Bowl":0,"counters":[28,213],"Dead Branch":[194],"Eternal Feather":99,"Pen Nib":[25],"Ancient Tea Set":[12],"White Beast Statue":[0.0,0.0,0.0,0.4,0.0,0.6000000000000001,0.0,0.0,0.0,0.0,0.0,0.4],"Mercury Hourglass":[499],"Blood Vial":0,"Sundial":[14],"MealTicket":45,"Art of War":[57],"obtain_stats":[{"Darkstone Periapt":13,"Singing Bowl":46,"Dead Branch":17,"Eternal Feather":6,"Pen Nib":9,"Incense Burner":45,"Runic Capacitor":54,"Ancient Tea Set":24,"White Beast Statue":48,"Mercury Hourglass":17,"Calling Bell":17,"Blood Vial":55,"Runic Dome":34,"Sundial":40,"Toolbox":22,"MealTicket":17,"Art of War":26,"Cracked Core":0},{"Darkstone Periapt":7,"Singing Bowl":23,"Dead Branch":9,"Eternal Feather":3,"Pen Nib":3,"Incense Burner":22,"Runic Capacitor":26,"Ancient Tea Set":12,"White Beast Statue":24,"Mercury Hourglass":9,"Calling Bell":9,"Blood Vial":27,"Runic Dome":15,"Sundial":19,"Toolbox":11,"MealTicket":9,"Art of War":12,"Cracked Core":0},{"Darkstone Periapt":27,"Singing Bowl":128,"Dead Branch":36,"Eternal Feather":17,"Pen Nib":17,"Incense Burner":115,"Runic Capacitor":191,"Ancient Tea Set":48,"White Beast Statue":137,"Mercury Hourglass":36,"Calling Bell":36,"Blood Vial":203,"Runic Dome":73,"Sundial":97,"Toolbox":44,"MealTicket":36,"Art of War":48,"Cracked Core":0}]},"card_choices":[{"not_picked":["Steam Power","Fusion"],"picked":"Hologram","floor":1},{"not_picked":["Stack","White Noise"],"picked":"Defragment","floor":3},{"not_picked":["Scrape","Rebound","Gash"],"picked":"SKIP","floor":6},{"not_picked":["Rebound","Beam Cell"],"picked":"Rip and Tear","floor":10},{"not_picked":["Force Field","Stack"],"picked":"Biased Cognition","floor":11},{"not_picked":["Melter","Go for the Eyes","Chaos"],"picked":"SKIP","floor":12},{"not_picked":["Barrage","Force Field","Gash"],"picked":"SKIP","floor":13},{"not_picked":["Defragment","Ball Lightning"],"picked":"Chill","floor":14},{"not_picked":["Amplify","Seek"],"picked":"Core Surge","floor":16},{"not_picked":["Hologram+1","Reinforced Body"],"picked":"Glacier","floor":18},{"not_picked":["Recycle","Compile Driver"],"picked":"Leap","floor":21},{"not_picked":["Ball Lightning","Fusion"],"picked":"Coolheaded","floor":24},{"not_picked":["Double Energy","Barrage"],"picked":"Genetic Algorithm","floor":29},{"not_picked":["Rebound","Reprogram"],"picked":"Double Energy","floor":31},{"not_picked":["Rainbow","Machine Learning"],"picked":"Seek","floor":33},{"not_picked":["Barrage","Darkness","Beam Cell"],"picked":"SKIP","floor":35},{"not_picked":["Ball Lightning","Streamline"],"picked":"Chill","floor":38},{"not_picked":["Turbo","Conserve Battery"],"picked":"Glacier","floor":39},{"not_picked":["Fusion+1","Recycle"],"picked":"Seek","floor":40},{"not_picked":["Redo","Consume"],"picked":"Turbo","floor":42},{"not_picked":["Go for the Eyes","Hologram","Turbo"],"picked":"SKIP","floor":44},{"not_picked":["Go for the Eyes+1","Barrage"],"picked":"Compile Driver","floor":45},{"not_picked":["Cold Snap","Sweeping Beam"],"picked":"Glacier","floor":46},{"not_picked":["Stack","Ball Lightning"],"picked":"Redo","floor":47},{"not_picked":["Streamline","Sweeping Beam"],"picked":"Coolheaded+1","floor":55}],"player_experience":13045949,"relics_obtained":[{"floor":6,"key":"Eternal Feather"},{"floor":9,"key":"Pen Nib"},{"floor":13,"key":"Darkstone Periapt"},{"floor":17,"key":"MealTicket"},{"floor":17,"key":"Mercury Hourglass"},{"floor":17,"key":"Dead Branch"},{"floor":24,"key":"Ancient Tea Set"},{"floor":26,"key":"Art of War"},{"floor":40,"key":"Sundial"},{"floor":45,"key":"Incense Burner"},{"floor":46,"key":"Singing Bowl"},{"floor":48,"key":"White Beast Statue"},{"floor":55,"key":"Blood Vial"}],"event_choices":[{"damage_healed":0,"gold_gain":50,"player_choice":"Touch","damage_taken":6,"max_hp_gain":0,"max_hp_loss":0,"event_name":"FaceTrader","floor":2,"gold_loss":0},{"damage_healed":0,"gold_gain":0,"player_choice":"Leave","damage_taken":0,"max_hp_gain":0,"max_hp_loss":0,"event_name":"The Cleric","floor":4,"gold_loss":0},{"cards_removed":["Defend_B"],"damage_healed":0,"gold_gain":0,"player_choice":"Purged","damage_taken":0,"max_hp_gain":0,"max_hp_loss":0,"event_name":"Purifier","floor":8,"gold_loss":0},{"damage_healed":0,"gold_gain":0,"player_choice":"Got Potions","damage_taken":0,"max_hp_gain":0,"max_hp_loss":0,"event_name":"Lab","floor":19,"gold_loss":0},{"damage_healed":0,"gold_gain":0,"player_choice":"Joined the Cult","damage_taken":6,"max_hp_gain":0,"max_hp_loss":0,"event_name":"Nest","floor":20,"gold_loss":0,"cards_obtained":["RitualDagger"]},{"damage_healed":0,"gold_gain":0,"cards_transformed":["Strike_B"],"player_choice":"Transformed","damage_taken":0,"max_hp_gain":0,"max_hp_loss":0,"event_name":"Transmorgrifier","floor":27,"gold_loss":0,"cards_obtained":["Rip and Tear"]},{"cards_removed":["Rip and Tear"],"damage_healed":0,"gold_gain":0,"player_choice":"Removed Attack","damage_taken":0,"max_hp_gain":0,"max_hp_loss":0,"event_name":"Falling","floor":36,"gold_loss":0},{"damage_healed":0,"gold_gain":0,"player_choice":"Fight","damage_taken":0,"max_hp_gain":0,"max_hp_loss":0,"event_name":"MindBloom","floor":45,"gold_loss":0}],"is_beta":false,"boss_relics":[{"not_picked":["Tiny House","Philosopher\u0027s Stone"],"picked":"Calling Bell"},{"not_picked":["Fusion Hammer","Cursed Key"],"picked":"Runic Dome"}],"items_purged_floors":[],"is_endless":false,"potions_floor_spawned":[1,3,12,13,14,18,33,35,42,45,47,55],"ascension_level":20,"potion_discard_per_floor":[[],[],[],[],[],[],[],[],[],[],[],[],[],["FearPotion"],[],[],[],[],["CultistPotion"],[],[],[],[],[],[],[],[],[],[],[],[],[],[],[],[],[],[],[],[],[],[],[],[],[],[],[],["Strength Potion"],[],[],[],[],[],[],["FairyPotion"],[],[],[]]}