{"gold_per_floor":[112,262,278,2,13,46,46,76,76,102,117,130,130,150,150,224,224,241,241,241,256,30,60,60,86,86,104,114,114,145,159,159,232,232,248,248,274,274,293,324,337,364,364,385,385,385,414,414,414,414,414,414,414,8,35,35],"floor_reached":56,"playtime":10525,"items_purged":["Doubt"],"score":2130,"play_id":"93fd92d8-3e88-440d-bd4c-2dab1e0943b4","local_time":"20220711205709","falling_options_log":["Turbo+1","Echo Form"],"is_ascension_mode":true,"campfire_choices":[{"data":"Doom and Gloom","floor":7.0,"key":"SMITH"},{"data":"Coolheaded","floor":15.0,"key":"SMITH"},{"floor":24.0,"key":"REST"},{"data":"1","floor":29.0,"key":"LIFT"},{"data":"2","floor":32.0,"key":"LIFT"},{"floor":49.0,"key":"RECALL"},{"data":"3","floor":53.0,"key":"LIFT"}],"neow_cost":"NONE","seed_source_timestamp":1071533843528800,"shop_contents":[{"floor":4,"relics":["Blood Vial","HandDrill"],"cards":["Go for the Eyes","Consume","Undo","Storm","Purity","Metamorphosis"],"potions":["Swift Potion","EssenceOfSteel","SkillPotion"]},{"floor":22,"relics":["Whetstone","Medical Kit"],"cards":["Melter","Lockon","Stack","Turbo","Static Discharge","Mind Blast","Secret Weapon"],"potions":["BlessingOfTheForge","Dexterity Potion"]},{"floor":54,"relics":["Shuriken"],"cards":["Gash","Scrape","Steam","Biased Cognition","Blind","Sadistic Nature"],"potions":["Explosive Potion","SteroidPotion","Weak Potion"]}],"circlet_count":0,"master_deck":["AscendersBane","Strike_B","Strike_B","Strike_B","Strike_B","Defend_B","Defend_B","Defend_B","Defend_B","Dualcast","Coolheaded+1","Doom and Gloom+1","FTL","Hologram","Reinforced Body","Steam","Compile Driver","Echo Form","Beam Cell+1","Coolheaded+1","Steam","Seek","Turbo+1","Compile Driver","Hologram","Creative AI","Go for the Eyes+1","Biased Cognition","Aggregate"],"special_seed":0,"potion_use_per_floor":[[],[],[],[],[],[],[],["DistilledChaos"],[],["Regen Potion"],[],[],[],[],[],["FearPotion"],[],[],[],[],[],[],["FearPotion"],[],["DistilledChaos"],[],[],[],[],[],[],[],["FocusPotion"],[],[],[],[],[],[],["DistilledChaos"],[],[],[],[],[],[],[],[],[],[],[],[],[],[],[],["Strength Potion","FocusPotion"]],"relics":["Cracked Core","Regal Pillow","Anchor","Kunai","Ornamental Fan","Gremlin Horn","Bronze Scales","Eternal Feather","Fusion Hammer","Nunchaku","Mummified Hand","Tiny Chest","Girya","Omamori","Runic Dome","Centennial Puzzle","CeramicFish","Lantern","Cables","HornCleat","Bag of Preparation","Runic Capacitor"],"potions_floor_usage":[56,56],"damage_taken":[{"damage":2.0,"enemies":"Cultist","floor":1.0,"turns":4.0},{"damage":2.0,"enemies":"Small Slimes","floor":3.0,"turns":3.0},{"damage":0.0,"enemies":"2 Louse","floor":5.0,"turns":2.0},{"damage":11.0,"enemies":"3 Sentries","floor":6.0,"turns":5.0},{"damage":9.0,"enemies":"Lagavulin","floor":8.0,"turns":6.0},{"damage":0.0,"enemies":"3 Sentries","floor":10.0,"turns":4.0},{"damage":0.0,"enemies":"2 Fungi Beasts","floor":11.0,"turns":2.0},{"damage":0.0,"enemies":"Exordium Wildlife","floor":12.0,"turns":2.0},{"damage":4.0,"enemies":"Exordium Thugs","floor":14.0,"turns":4.0},{"damage":16.0,"enemies":"The Guardian","floor":16.0,"turns":9.0},{"damage":0.0,"enemies":"2 Thieves","floor":18.0,"turns":3.0},{"damage":0.0,"enemies":"3 Byrds","floor":21.0,"turns":2.0},{"damage":24.0,"enemies":"Book of Stabbing","floor":23.0,"turns":4.0},{"damage":10.0,"enemies":"Slavers","floor":25.0,"turns":4.0},{"damage":23.0,"enemies":"Cultist and Chosen","floor":27.0,"turns":6.0},{"damage":8.0,"enemies":"Centurion and Healer","floor":28.0,"turns":8.0},{"damage":2.0,"enemies":"Book of Stabbing","floor":30.0,"turns":4.0},{"damage":0.0,"enemies":"Sentry and Sphere","floor":31.0,"turns":4.0},{"damage":3.0,"enemies":"Collector","floor":33.0,"turns":8.0},{"damage":0.0,"enemies":"Orb Walker","floor":35.0,"turns":2.0},{"damage":4.0,"enemies":"3 Shapes","floor":39.0,"turns":6.0},{"damage":0.0,"enemies":"Reptomancer","floor":40.0,"turns":4.0},{"damage":7.0,"enemies":"Spire Growth","floor":41.0,"turns":5.0},{"damage":16.0,"enemies":"Nemesis","floor":42.0,"turns":9.0},{"damage":0.0,"enemies":"3 Darklings","floor":44.0,"turns":3.0},{"damage":0.0,"enemies":"Giant Head","floor":47.0,"turns":6.0},{"damage":3.0,"enemies":"Donu and Deca","floor":50.0,"turns":11.0},{"damage":4.0,"enemies":"Awakened One","floor":51.0,"turns":16.0},{"damage":1.0,"enemies":"Shield and Spear","floor":55.0,"turns":6.0},{"damage":71,"enemies":"The Heart","floor":56,"turns":5}],"seed_played":"-703704168036600778","neow_bonus_log":{"cardsObtained":[],"cardsUpgraded":[],"cardsRemoved":[],"cardsTransformed":[],"relicsObtained":["Regal Pillow"],"maxHpGained":0,"goldGained":0,"damageTaken":0,"goldLost":0,"maxHpLost":0},"potions_obtained":[{"floor":3.0,"key":"DistilledChaos"},{"floor":5.0,"key":"FearPotion"},{"floor":8.0,"key":"Regen Potion"},{"floor":12.0,"key":"DistilledChaos"},{"floor":27.0,"key":"FocusPotion"},{"floor":28.0,"key":"PowerPotion"},{"floor":31.0,"key":"DistilledChaos"},{"floor":42.0,"key":"Strength Potion"},{"floor":44.0,"key":"FocusPotion"}],"is_trial":false,"path_per_floor":["M","?","M","$","M","E","R","E","T","E","M","M","?","M","R","B",null,"M","?","?","M","$","E","R","E","T","M","M","R","E","M","R","B",null,"M","?","T","?","M","E","M","E","T","M","?","T","E","?","R","B","B",null,"R","$","E","B"],"character_chosen":"DEFECT","items_purchased":["FTL","Anchor","FearPotion","Nunchaku","Aggregate","Bag of Preparation","Runic Capacitor"],"campfire_rested":1,"item_purchase_floors":[4,4,22,22,54,54,54],"current_hp_per_floor":[62,62,60,60,60,49,49,40,40,52,52,52,34,30,39,23,59,59,59,59,59,59,35,71,61,61,38,30,45,43,43,58,55,67,67,67,67,67,63,63,56,40,40,40,54,54,54,54,69,66,62,69,71,71,70,0],"gold":35,"neow_bonus":"RANDOM_COMMON_RELIC","is_prod":false,"is_daily":false,"rewards_skipped":[{"floor":55,"relics":["Bottled Flame"],"potions":[]}],"chose_seed":false,"campfire_upgraded":2,"win_rate":0,"floor_exit_playtime":[186,201,306,441,1017,1292,1299,1554,1566,1905,2048,2087,2093,2413,2429,2959,3182,3288,3299,3313,3363,3510,3779,3785,4198,4295,4491,4698,4732,5099,5280,5310,6092,6226,6289,6328,6341,6347,6516,6748,7008,7270,7275,7671,7679,7683,7902,7931,7939,9024,9487,9508,9517,9689,10225],"timestamp":1657587429,"blue_key_relic_skipped_log":{"floor":43,"relicID":"Molten Egg 2"},"path_taken":["M","?","M","$","M","E","R","E","T","E","M","M","?","M","R","BOSS","M","?","?","M","$","E","R","E","T","?","?","R","E","M","R","BOSS","M","?","?","?","M","E","M","E","T","?","?","?","E","?","R","BOSS","BOSS","R","$","E","BOSS"],"build_version":"2022-03-07","purchased_purges":1,"victory":false,"max_hp_per_floor":[71,71,71,71,71,71,71,71,71,71,71,71,71,71,71,71,71,71,71,71,71,71,71,71,71,71,71,71,71,71,71,71,71,71,71,71,71,71,71,71,71,71,71,71,71,71,71,71,71,71,71,71,71,71,71,71],"relic_stats":{"Girya":3,"Regal Pillow":3,"Gremlin Horn":[31,31],"counters":[30,157],"CeramicFish":18,"Eternal Feather":68,"Omamori":1,"Bag of Preparation":[4],"Cables":[41,15,18,8,0],"Nunchaku":[39],"Centennial Puzzle":[21],"Ornamental Fan":[408],"Mummified Hand":[77],"Bronze Scales":[447],"Tiny Chest":2,"Kunai":[104],"obtain_stats":[{"Girya":26,"Regal Pillow":0,"Lantern":42,"Gremlin Horn":9,"CeramicFish":40,"Eternal Feather":13,"Omamori":30,"Bag of Preparation":54,"Runic Capacitor":54,"Cables":46,"Runic Dome":34,"Anchor":4,"Nunchaku":22,"Centennial Puzzle":37,"HornCleat":47,"Ornamental Fan":8,"Mummified Hand":23,"Bronze Scales":10,"Tiny Chest":25,"Fusion Hammer":17,"Kunai":6,"Cracked Core":0},{"Girya":14,"Regal Pillow":0,"Lantern":24,"Gremlin Horn":5,"CeramicFish":22,"Eternal Feather":8,"Omamori":17,"Bag of Preparation":28,"Runic Capacitor":28,"Cables":25,"Runic Dome":19,"Anchor":2,"Nunchaku":12,"Centennial Puzzle":20,"HornCleat":26,"Ornamental Fan":5,"Mummified Hand":13,"Bronze Scales":6,"Tiny Chest":14,"Fusion Hammer":10,"Kunai":4,"Cracked Core":0},{"Girya":54,"Regal Pillow":0,"Lantern":110,"Gremlin Horn":20,"CeramicFish":96,"Eternal Feather":28,"Omamori":72,"Bag of Preparation":146,"Runic Capacitor":146,"Cables":113,"Runic Dome":84,"Anchor":7,"Nunchaku":46,"Centennial Puzzle":86,"HornCleat":119,"Ornamental Fan":20,"Mummified Hand":50,"Bronze Scales":24,"Tiny Chest":54,"Fusion Hammer":41,"Kunai":14,"Cracked Core":0}]},"card_choices":[{"not_picked":["Blizzard","Rebound"],"picked":"Coolheaded","floor":1.0},{"not_picked":["Steam","Compile Driver"],"picked":"Doom and Gloom","floor":3.0},{"not_picked":["Streamline","Sunder"],"picked":"FTL","floor":5.0},{"not_picked":["Chaos","Go for the Eyes"],"picked":"Hologram","floor":6.0},{"not_picked":["Ball Lightning","Sweeping Beam","Coolheaded"],"picked":"SKIP","floor":8.0},{"not_picked":["Rebound","Capacitor","Scrape"],"picked":"SKIP","floor":10.0},{"not_picked":["Rebound","Capacitor","Scrape"],"picked":"SKIP","floor":10.0},{"not_picked":["Streamline","Chill"],"picked":"Reinforced Body","floor":11.0},{"not_picked":["Conserve Battery","Redo"],"picked":"Steam","floor":12.0},{"not_picked":["Glacier","Fission"],"picked":"Compile Driver","floor":14.0},{"not_picked":["Creative AI","Rainbow"],"picked":"Echo Form","floor":16.0},{"not_picked":["Reprogram","Go for the Eyes"],"picked":"Beam Cell","floor":18.0},{"not_picked":["Hologram","Go for the Eyes"],"picked":"Coolheaded+1","floor":21.0},{"not_picked":["Multi-Cast","Conserve Battery"],"picked":"Steam","floor":23.0},{"not_picked":["Ball Lightning","Redo"],"picked":"Seek","floor":25.0},{"not_picked":["Conserve Battery","Coolheaded"],"picked":"Turbo+1","floor":27.0},{"not_picked":["Coolheaded","Barrage"],"picked":"Compile Driver","floor":28.0},{"not_picked":["Consume","Stack"],"picked":"Hologram","floor":30.0},{"not_picked":["Gash","Redo","Hologram"],"picked":"SKIP","floor":31.0},{"not_picked":["Electrodynamics","Machine Learning"],"picked":"Creative AI","floor":33.0},{"not_picked":["Leap","Sunder","Streamline+1"],"picked":"SKIP","floor":35.0},{"not_picked":["Blizzard","Undo"],"picked":"Go for the Eyes+1","floor":39.0},{"not_picked":["Leap","Cold Snap","Sweeping Beam+1"],"picked":"SKIP","floor":40.0},{"not_picked":["Rebound","Barrage","Redo"],"picked":"SKIP","floor":41.0},{"not_picked":["Leap","Gash","Beam Cell"],"picked":"SKIP","floor":42.0},{"not_picked":["Streamline","Sweeping Beam"],"picked":"Biased Cognition","floor":44.0},{"not_picked":["Rebound","Ball Lightning+1","Stack"],"picked":"SKIP","floor":47.0},{"not_picked":["Leap","Multi-Cast","Ball Lightning"],"picked":"SKIP","floor":55.0}],"player_experience":13025049,"relics_obtained":[{"floor":6.0,"key":"Kunai"},{"floor":8.0,"key":"Ornamental Fan"},{"floor":9.0,"key":"Gremlin Horn"},{"floor":10.0,"key":"Bronze Scales"},{"floor":23.0,"key":"Mummified Hand"},{"floor":25.0,"key":"Tiny Chest"},{"floor":26.0,"key":"Girya"},{"floor":30.0,"key":"Omamori"},{"floor":37.0,"key":"Centennial Puzzle"},{"floor":40.0,"key":"CeramicFish"},{"floor":42.0,"key":"Lantern"},{"floor":46.0,"key":"Cables"},{"floor":47.0,"key":"HornCleat"}],"event_choices":[{"damage_healed":0.0,"max_hp_gain":0.0,"max_hp_loss":0.0,"gold_gain":150.0,"event_name":"Liars Game","player_choice":"AGREE","floor":2.0,"gold_loss":0.0,"damage_taken":0.0,"cards_obtained":["Doubt"]},{"damage_healed":0.0,"max_hp_gain":0.0,"max_hp_loss":0.0,"gold_gain":0.0,"event_name":"Scrap Ooze","player_choice":"Success","floor":13.0,"gold_loss":0.0,"damage_taken":18.0,"relics_obtained":["Eternal Feather"]},{"damage_healed":0.0,"max_hp_gain":0.0,"max_hp_loss":0.0,"gold_gain":0.0,"event_name":"Vampires","player_choice":"Ignored","floor":19.0,"gold_loss":0.0,"damage_taken":0.0},{"damage_healed":0.0,"max_hp_gain":0.0,"max_hp_loss":0.0,"gold_gain":0.0,"event_name":"Upgrade Shrine","player_choice":"Upgraded","floor":20.0,"gold_loss":0.0,"damage_taken":0.0,"cards_upgraded":["Beam Cell"]},{"cards_removed":["Zap"],"damage_healed":0.0,"max_hp_gain":0.0,"max_hp_loss":0.0,"gold_gain":0.0,"event_name":"Purifier","player_choice":"Purged","floor":36.0,"gold_loss":0.0,"damage_taken":0.0},{"damage_healed":0.0,"max_hp_gain":0.0,"max_hp_loss":0.0,"gold_gain":0.0,"event_name":"Tomb of Lord Red Mask","player_choice":"Ignored","floor":38.0,"gold_loss":0.0,"damage_taken":0.0},{"damage_healed":14.0,"max_hp_gain":0.0,"max_hp_loss":0.0,"gold_gain":0.0,"event_name":"Winding Halls","player_choice":"Writhe","floor":45.0,"gold_loss":0.0,"damage_taken":0.0,"cards_obtained":["Writhe"]},{"cards_removed":["FTL"],"damage_healed":0.0,"max_hp_gain":0.0,"max_hp_loss":0.0,"gold_gain":0.0,"event_name":"Falling","player_choice":"Removed Attack","floor":48.0,"gold_loss":0.0,"damage_taken":0.0}],"is_beta":false,"boss_relics":[{"not_picked":["Ectoplasm","Astrolabe"],"picked":"Fusion Hammer"},{"not_picked":["Velvet Choker","SacredBark"],"picked":"Runic Dome"}],"items_purged_floors":[4],"is_endless":false,"potions_floor_spawned":[3,5,8,12,27,28,31,42,44],"killed_by":"The Heart","ascension_level":20,"potion_discard_per_floor":[[],[],[],[],[],[],[],[],[],[],[],[],[],[],[],[],[],[],[],[],[],[],[],[],[],[],[],[],[],[],["PowerPotion"],[],[],[],[],[],[],[],[],[],[],[],[],[],[],[],[],[],[],[],[],[],[],[],[],[]]}