{"gold_per_floor":[115,133,150,167,185,185,185,3,3,38,38,38,38,64,64,141,141,153,153,172,10,10,10,44,44,70,103,118,131,160,180,180,256,256,276,287,304,314,329,329,345,371,443,460,489,136,136,148,148,148,148,148,148,67,101,101],"floor_reached":57,"playtime":4515,"items_purged":["Infinite Blades","Masterful Stab"],"score":2822,"play_id":"6d416ae7-c1b8-40b0-9c04-562b493f2da2","local_time":"20220105175127","is_ascension_mode":true,"campfire_choices":[{"data":"Corpse Explosion","floor":7,"key":"SMITH"},{"data":"Catalyst","floor":11,"key":"SMITH"},{"data":"Catalyst","floor":15,"key":"SMITH"},{"data":"Malaise","floor":23,"key":"SMITH"},{"data":"Crippling Poison","floor":32,"key":"SMITH"},{"data":"Bullet Time","floor":40,"key":"SMITH"},{"floor":49,"key":"RECALL"},{"data":"Skewer","floor":53,"key":"SMITH"}],"neow_cost":"PERCENT_DAMAGE","seed_source_timestamp":1224238047202000,"circlet_count":0,"master_deck":["AscendersBane","Survivor+1","Neutralize","Dagger Throw","Footwork","Bouncing Flask","Noxious Fumes","Corpse Explosion+1","Bane","Catalyst+1","Catalyst+1","Malaise+1","Blur","Skewer+1","Riddle With Holes","Dagger Spray","Bullet Time+1","Terror","Choke","Deadly Poison","Crippling Poison+1","Deflect+1","Footwork+1","Escape Plan","Necronomicurse","Dodge and Roll+1","Bouncing Flask+1","Backflip+1","PiercingWail+1","Calculated Gamble+1","Adrenaline+1","Backflip+1","Blur+1","Night Terror+1","Blur+1","Dodge and Roll+1","PiercingWail+1","Prepared+1","Dash","Deflect+1","Acrobatics+1","Calculated Gamble+1"],"relics":["Ring of the Snake","Prayer Wheel","Sling","Meat on the Bone","Ninja Scroll","Matryoshka","Pandora\u0027s Box","Necronomicon","Toxic Egg 2","Vajra","Centennial Puzzle","Singing Bowl","Bag of Marbles","SlaversCollar","Calipers","Toy Ornithopter","MawBank","ClockworkSouvenir","War Paint"],"potions_floor_usage":[10,24,37,41,56,56],"damage_taken":[{"damage":0,"enemies":"Jaw Worm","floor":1,"turns":5},{"damage":2,"enemies":"2 Louse","floor":2,"turns":3},{"damage":0,"enemies":"Small Slimes","floor":3,"turns":3},{"damage":2,"enemies":"Blue Slaver","floor":4,"turns":5},{"damage":10,"enemies":"Exordium Wildlife","floor":5,"turns":5},{"damage":0,"enemies":"3 Sentries","floor":10,"turns":2},{"damage":15,"enemies":"Lagavulin","floor":14,"turns":3},{"damage":19,"enemies":"The Guardian","floor":16,"turns":5},{"damage":4,"enemies":"Spheric Guardian","floor":18,"turns":3},{"damage":0,"enemies":"2 Thieves","floor":20,"turns":1},{"damage":9,"enemies":"Slavers","floor":24,"turns":3},{"damage":5,"enemies":"Gremlin Leader","floor":27,"turns":4},{"damage":0,"enemies":"3 Cultists","floor":28,"turns":3},{"damage":17,"enemies":"Chosen and Byrds","floor":29,"turns":5},{"damage":8,"enemies":"Book of Stabbing","floor":30,"turns":4},{"damage":6,"enemies":"Shelled Parasite and Fungi","floor":31,"turns":2},{"damage":6,"enemies":"Champ","floor":33,"turns":7},{"damage":13,"enemies":"3 Darklings","floor":35,"turns":3},{"damage":2,"enemies":"Orb Walker","floor":36,"turns":2},{"damage":0,"enemies":"3 Darklings","floor":37,"turns":6},{"damage":9,"enemies":"Jaw Worm Horde","floor":38,"turns":2},{"damage":21,"enemies":"Writhing Mass","floor":39,"turns":6},{"damage":3,"enemies":"Spire Growth","floor":41,"turns":4},{"damage":11,"enemies":"Nemesis","floor":42,"turns":3},{"damage":0,"enemies":"Sphere and 2 Shapes","floor":44,"turns":6},{"damage":1,"enemies":"Reptomancer","floor":45,"turns":2},{"damage":1,"enemies":"Maw","floor":48,"turns":6},{"damage":6,"enemies":"Awakened One","floor":50,"turns":17},{"damage":16,"enemies":"Donu and Deca","floor":51,"turns":4},{"damage":1,"enemies":"Shield and Spear","floor":55,"turns":2},{"damage":58,"enemies":"The Heart","floor":56,"turns":7}],"seed_played":"-6825649082836767092","potions_obtained":[{"floor":2,"key":"LiquidMemories"},{"floor":10,"key":"Poison Potion"},{"floor":16,"key":"Swift Potion"},{"floor":27,"key":"BlessingOfTheForge"},{"floor":31,"key":"GamblersBrew"},{"floor":37,"key":"Block Potion"},{"floor":42,"key":"EssenceOfSteel"}],"is_trial":false,"path_per_floor":["M","M","M","M","M","?","R","$","T","E","R","?","?","E","R","B",null,"M","?","M","$","?","R","E","?","T","E","M","M","E","M","R","B",null,"M","M","M","M","M","R","M","E","T","M","E","$","?","M","R","B","B",null,"R","$","E","B",null],"character_chosen":"THE_SILENT","items_purchased":["Sling","Bane","Escape Plan","ClockworkSouvenir","SpeedPotion","Calculated Gamble+1","Ancient Potion"],"campfire_rested":0,"item_purchase_floors":[8,8,21,46,46,46,54],"current_hp_per_floor":[44,42,42,40,30,30,30,30,30,42,42,42,42,39,39,32,58,54,54,54,54,33,33,36,18,18,27,41,38,44,50,50,44,70,59,59,59,50,43,43,54,57,57,57,58,58,58,61,61,55,51,84,84,84,85,49],"gold":101,"neow_bonus":"ONE_RARE_RELIC","is_prod":false,"is_daily":false,"chose_seed":false,"campfire_upgraded":7,"win_rate":0,"timestamp":1641423087,"path_taken":["M","M","M","M","M","?","R","$","T","E","R","?","?","E","R","BOSS","M","?","M","$","?","R","E","?","T","E","M","M","E","M","R","BOSS","M","M","M","M","M","R","M","E","T","M","E","$","?","M","R","BOSS","BOSS","R","$","E","BOSS"],"build_version":"2020-12-22","purchased_purges":2,"victory":true,"max_hp_per_floor":[66,66,66,66,66,66,66,66,66,66,66,66,66,66,66,66,66,66,66,66,66,66,66,66,71,71,73,75,77,79,79,79,79,79,81,83,83,83,85,85,87,89,89,89,91,91,91,95,95,95,95,95,95,95,97,97],"relic_stats":{"Calipers":[111],"Singing Bowl":26,"counters":[31,133],"War Paint":["Survivor","Deflect"],"MawBank":12,"Centennial Puzzle":[51],"Matryoshka":2,"Prayer Wheel":18,"Pandora\u0027s Box":["Blur","Infinite Blades","Skewer","Masterful Stab","Riddle With Holes","Dagger Spray","Bullet Time","Terror","Choke","Deadly Poison"],"Necronomicon":[26],"obtain_stats":[{"Calipers":42,"Singing Bowl":27,"Vajra":26,"War Paint":55,"Sling":8,"MawBank":45,"ClockworkSouvenir":46,"SlaversCollar":34,"Centennial Puzzle":26,"Matryoshka":14,"Ninja Scroll":10,"Prayer Wheel":0,"Pandora\u0027s Box":17,"Necronomicon":22,"Bag of Marbles":30,"Toxic Egg 2":24,"Toy Ornithopter":43,"Ring of the Snake":0,"Meat on the Bone":9},{"Calipers":24,"Singing Bowl":12,"Vajra":11,"War Paint":30,"Sling":5,"MawBank":26,"ClockworkSouvenir":26,"SlaversCollar":17,"Centennial Puzzle":11,"Matryoshka":7,"Ninja Scroll":6,"Prayer Wheel":0,"Pandora\u0027s Box":8,"Necronomicon":10,"Bag of Marbles":15,"Toxic Egg 2":11,"Toy Ornithopter":24,"Ring of the Snake":0,"Meat on the Bone":5},{"Calipers":89,"Singing Bowl":42,"Vajra":38,"War Paint":126,"Sling":21,"MawBank":97,"ClockworkSouvenir":97,"SlaversCollar":63,"Centennial Puzzle":38,"Matryoshka":26,"Ninja Scroll":23,"Prayer Wheel":0,"Pandora\u0027s Box":31,"Necronomicon":35,"Bag of Marbles":54,"Toxic Egg 2":38,"Toy Ornithopter":89,"Ring of the Snake":0,"Meat on the Bone":21}],"Toy Ornithopter":10,"Ring of the Snake":[62],"Meat on the Bone":168},"card_choices":[{"not_picked":["Bane","Infinite Blades"],"picked":"Dagger Throw","floor":1},{"not_picked":["Sucker Punch","Flying Knee","Blade Dance"],"picked":"SKIP","floor":1},{"not_picked":["Sucker Punch","Flying Knee","Blade Dance"],"picked":"SKIP","floor":1},{"not_picked":["Bane","Escape Plan"],"picked":"Footwork","floor":2},{"not_picked":["Cloak And Dagger","Crippling Poison"],"picked":"Backstab","floor":2},{"not_picked":["Dagger Throw","Deadly Poison"],"picked":"Bouncing Flask","floor":3},{"not_picked":["Flying Knee","Expertise","Masterful Stab"],"picked":"SKIP","floor":3},{"not_picked":["Dodge and Roll","Blade Dance"],"picked":"Noxious Fumes","floor":4},{"not_picked":["Outmaneuver","Bane","Noxious Fumes"],"picked":"SKIP","floor":4},{"not_picked":["Masterful Stab","PiercingWail"],"picked":"Corpse Explosion","floor":5},{"not_picked":["Endless Agony","Dagger Spray","Underhanded Strike"],"picked":"SKIP","floor":5},{"not_picked":["Heel Hook","Acrobatics"],"picked":"Catalyst","floor":10},{"not_picked":["Wraith Form v2","Cloak And Dagger"],"picked":"Catalyst","floor":14},{"not_picked":["Phantasmal Killer","Doppelganger"],"picked":"Malaise","floor":16},{"not_picked":["Deadly Poison","Masterful Stab"],"picked":"Crippling Poison","floor":18},{"not_picked":["Caltrops","Blade Dance","Quick Slash"],"picked":"SKIP","floor":18},{"not_picked":["Eviscerate","Slice"],"picked":"Deflect","floor":20},{"not_picked":["Bane","Dagger Spray"],"picked":"Footwork+1","floor":20},{"not_picked":["Footwork","Deflect+1"],"picked":"Dodge and Roll+1","floor":24},{"not_picked":["Accuracy","Quick Slash","Blade Dance+1"],"picked":"Singing Bowl","floor":27},{"not_picked":["Sucker Punch","Slice","Quick Slash"],"picked":"Singing Bowl","floor":28},{"not_picked":["Unload","Underhanded Strike"],"picked":"Bouncing Flask+1","floor":28},{"not_picked":["Finisher","Underhanded Strike","Noxious Fumes"],"picked":"Singing Bowl","floor":29},{"not_picked":["Prepared+1","Bane"],"picked":"Backflip+1","floor":29},{"not_picked":["Predator","All Out Attack","Endless Agony"],"picked":"Singing Bowl","floor":30},{"not_picked":["Dagger Spray","Sucker Punch+1"],"picked":"PiercingWail+1","floor":31},{"not_picked":["All Out Attack+1","Blade Dance+1"],"picked":"Calculated Gamble+1","floor":31},{"not_picked":["Phantasmal Killer+1","Corpse Explosion+1"],"picked":"Adrenaline+1","floor":33},{"not_picked":["Slice","Acrobatics+1"],"picked":"Backflip+1","floor":35},{"not_picked":["Underhanded Strike","Skewer+1","Dagger Throw"],"picked":"Singing Bowl","floor":35},{"not_picked":["Dagger Throw","Cloak And Dagger+1","Sucker Punch+1"],"picked":"Singing Bowl","floor":36},{"not_picked":["Terror+1","Blade Dance+1"],"picked":"Blur+1","floor":36},{"not_picked":["Choke","Sucker Punch+1"],"picked":"Night Terror+1","floor":37},{"not_picked":["Poisoned Stab","Flying Knee"],"picked":"Blur+1","floor":37},{"not_picked":["Underhanded Strike","Endless Agony"],"picked":"Dodge and Roll+1","floor":38},{"not_picked":["Noxious Fumes","Flying Knee"],"picked":"PiercingWail+1","floor":38},{"not_picked":["Outmaneuver+1","Bane"],"picked":"Prepared+1","floor":39},{"not_picked":["Blur+1","Caltrops","Choke"],"picked":"Singing Bowl","floor":39},{"not_picked":["Bane","Outmaneuver+1"],"picked":"Dash","floor":41},{"not_picked":["Tools of the Trade","PiercingWail+1","Finisher"],"picked":"Singing Bowl","floor":41},{"not_picked":["Bouncing Flask+1","Poisoned Stab","Caltrops+1"],"picked":"Singing Bowl","floor":42},{"not_picked":["Setup+1","PiercingWail+1"],"picked":"Deflect+1","floor":44},{"not_picked":["Bane+1","Underhanded Strike"],"picked":"Acrobatics+1","floor":44},{"not_picked":["Backflip+1","Sucker Punch","Masterful Stab"],"picked":"Singing Bowl","floor":45},{"not_picked":["Blur+1","Acrobatics+1","Bane+1"],"picked":"Singing Bowl","floor":48},{"not_picked":["Prepared+1","Sucker Punch","After Image"],"picked":"Singing Bowl","floor":48},{"not_picked":["Quick Slash","Backstab","Dagger Spray"],"picked":"Singing Bowl","floor":55}],"player_experience":5844089,"relics_obtained":[{"floor":9,"key":"Meat on the Bone"},{"floor":10,"key":"Ninja Scroll"},{"floor":14,"key":"Matryoshka"},{"floor":22,"key":"Necronomicon"},{"floor":24,"key":"Toxic Egg 2"},{"floor":26,"key":"Vajra"},{"floor":26,"key":"Centennial Puzzle"},{"floor":27,"key":"Singing Bowl"},{"floor":30,"key":"Bag of Marbles"},{"floor":42,"key":"Calipers"},{"floor":43,"key":"Toy Ornithopter"},{"floor":45,"key":"MawBank"},{"floor":55,"key":"War Paint"}],"event_choices":[{"damage_healed":0,"gold_gain":0,"player_choice":"Fled","damage_taken":0,"max_hp_gain":0,"max_hp_loss":0,"event_name":"Scrap Ooze","floor":6,"gold_loss":0},{"damage_healed":0,"gold_gain":0,"player_choice":"Leave","damage_taken":0,"max_hp_gain":0,"max_hp_loss":0,"event_name":"The Cleric","floor":12,"gold_loss":0},{"damage_healed":0,"gold_gain":0,"player_choice":"Ignored","damage_taken":0,"max_hp_gain":0,"max_hp_loss":0,"event_name":"Liars Game","floor":13,"gold_loss":0},{"damage_healed":0,"gold_gain":0,"player_choice":"Ignored","damage_taken":0,"max_hp_gain":0,"max_hp_loss":0,"event_name":"Vampires","floor":19,"gold_loss":0},{"damage_healed":0,"gold_gain":0,"player_choice":"Obtained Book","damage_taken":21,"max_hp_gain":0,"max_hp_loss":0,"event_name":"Cursed Tome","floor":22,"gold_loss":0},{"damage_healed":0,"gold_gain":0,"player_choice":"Shed Blood","damage_taken":23,"max_hp_gain":5,"max_hp_loss":0,"event_name":"Forgotten Altar","floor":25,"gold_loss":0},{"cards_removed":["Backstab"],"damage_healed":0,"gold_gain":0,"player_choice":"Removed Attack","damage_taken":0,"max_hp_gain":0,"max_hp_loss":0,"event_name":"Falling","floor":47,"gold_loss":0}],"is_beta":false,"boss_relics":[{"not_picked":["WristBlade","Black Star"],"picked":"Pandora\u0027s Box"},{"not_picked":["Sozu","Philosopher\u0027s Stone"],"picked":"SlaversCollar"}],"items_purged_floors":[21,46],"is_endless":false,"potions_floor_spawned":[2,10,16,20,27,31,33,36,37,42],"ascension_level":20}