{"gold_per_floor":[117,3,14,30,43,73,73,108,133,133],"floor_reached":10,"playtime":1705,"items_purged":["Strike_G"],"score":156,"play_id":"3b864876-d4b7-48ad-9a65-1428c83cbb74","local_time":"20220111125105","is_ascension_mode":true,"campfire_choices":[{"floor":7,"key":"REST"}],"neow_cost":"TEN_PERCENT_HP_LOSS","seed_source_timestamp":263300025809800,"circlet_count":0,"master_deck":["AscendersBane","Strike_G","Strike_G","Strike_G","Defend_G","Defend_G","Defend_G","Defend_G","Survivor","Neutralize","Eviscerate","Noxious Fumes","Deadly Poison","Blade Dance","Acrobatics","Slice","Masterful Stab"],"relics":["Ring of the Snake","Oddly Smooth Stone","Snake Skull","Happy Flower"],"potions_floor_usage":[5,6],"damage_taken":[{"damage":1,"enemies":"2 Louse","floor":1,"turns":3},{"damage":1,"enemies":"Jaw Worm","floor":3,"turns":4},{"damage":1,"enemies":"Cultist","floor":4,"turns":4},{"damage":20,"enemies":"Exordium Thugs","floor":5,"turns":4},{"damage":15,"enemies":"Lagavulin","floor":6,"turns":7},{"damage":31,"enemies":"3 Sentries","floor":8,"turns":8},{"damage":31,"enemies":"Gremlin Nob","floor":10,"turns":3}],"seed_played":"3472103587343701579","potions_obtained":[{"floor":3,"key":"SkillPotion"},{"floor":4,"key":"SkillPotion"}],"is_trial":false,"path_per_floor":["M","$","M","M","M","E","R","E","T","E"],"character_chosen":"THE_SILENT","items_purchased":["Noxious Fumes"],"campfire_rested":1,"item_purchase_floors":[2],"current_hp_per_floor":[58,58,57,56,36,21,39,8,8,0],"gold":133,"neow_bonus":"REMOVE_TWO","is_prod":false,"is_daily":false,"chose_seed":false,"campfire_upgraded":0,"win_rate":0,"timestamp":1641923465,"path_taken":["M","$","M","M","M","E","R","E","T","E"],"build_version":"2020-12-22","purchased_purges":1,"victory":false,"max_hp_per_floor":[60,60,60,60,60,60,60,60,60,60],"relic_stats":{"Happy Flower":[1],"counters":[7,33],"Snake Skull":[2],"obtain_stats":[{"Happy Flower":9,"Oddly Smooth Stone":6,"Snake Skull":8,"Ring of the Snake":0},{"Happy Flower":6,"Oddly Smooth Stone":5,"Snake Skull":6,"Ring of the Snake":0},{"Happy Flower":30,"Oddly Smooth Stone":22,"Snake Skull":30,"Ring of the Snake":0}],"Ring of the Snake":[14]},"card_choices":[{"not_picked":["Dagger Throw","Prepared"],"picked":"Eviscerate","floor":1},{"not_picked":["Slice","Cloak And Dagger"],"picked":"Deadly Poison","floor":3},{"not_picked":["Dodge and Roll","Quick Slash"],"picked":"Blade Dance","floor":4},{"not_picked":["Riddle With Holes","Quick Slash"],"picked":"Acrobatics","floor":5},{"not_picked":["Distraction","Outmaneuver"],"picked":"Slice","floor":6},{"not_picked":["Dagger Spray","Blur"],"picked":"Masterful Stab","floor":8}],"player_experience":5891483,"relics_obtained":[{"floor":6,"key":"Oddly Smooth Stone"},{"floor":8,"key":"Snake Skull"},{"floor":9,"key":"Happy Flower"}],"event_choices":[],"is_beta":false,"boss_relics":[],"items_purged_floors":[2],"is_endless":false,"potions_floor_spawned":[3,4],"killed_by":"Gremlin Nob","ascension_level":20}