{"gold_per_floor":[213,138,150,166,180,180,209,209,209,223,238,269,30,41,41,117,117,130,149,174,11,11,11,37,37,88,128,153,178,225,306,318,409,421,450,473,495,729,741,779,791,829,841,867,336,336,336,365,365,365,365,365,365,18,50,50],"floor_reached":57,"playtime":6475,"items_purged":["Defend_G","Strike_G","Strike_G"],"score":3095,"play_id":"ce1c6c2a-792d-4a4c-b80f-9f70e1611d9b","local_time":"20220107141824","is_ascension_mode":true,"campfire_choices":[{"data":"Glass Knife","floor":6,"key":"SMITH"},{"data":"Dagger Throw","floor":8,"key":"SMITH"},{"data":"Calculated Gamble","floor":15,"key":"SMITH"},{"data":"Hyperbeam","floor":23,"key":"SMITH"},{"floor":25,"key":"REST"},{"data":"Devotion","floor":32,"key":"SMITH"},{"data":"Seek","floor":41,"key":"SMITH"},{"floor":47,"key":"RECALL"},{"data":"True Grit","floor":49,"key":"SMITH"},{"data":"Hologram","floor":53,"key":"SMITH"}],"neow_cost":"NONE","seed_source_timestamp":1382285159181700,"circlet_count":0,"master_deck":["AscendersBane","Strike_G","Strike_G","Strike_G","Defend_G","Defend_G","Defend_G","Defend_G","Survivor","Neutralize","Dagger Throw+1","Calculated Gamble+1","Leg Sweep+1","Adrenaline","Reflex","Hyperbeam+1","Conclude","Prostrate","True Grit+1","Master of Strategy","Crescendo+1","Devotion+1","Seek+1","Exhume","Hologram+1","CrushJoints+1","DeceiveReality","Impervious","ThirdEye+1","Well Laid Plans+1","PiercingWail","Blade Dance","Flame Barrier+1"],"relics":["Ring of the Snake","Question Card","StrikeDummy","HornCleat","PrismaticShard","SlaversCollar","Red Mask","Orrery","Oddly Smooth Stone","MawBank","Centennial Puzzle","Nunchaku","Meat on the Bone","Coffee Dripper","Orichalcum","Happy Flower","Kunai","Toy Ornithopter","ClockworkSouvenir","War Paint"],"potions_floor_usage":[7,12,24,44,55,56],"damage_taken":[{"damage":1,"enemies":"Cultist","floor":1,"turns":5},{"damage":0,"enemies":"Jaw Worm","floor":3,"turns":4},{"damage":0,"enemies":"Small Slimes","floor":4,"turns":3},{"damage":0,"enemies":"Blue Slaver","floor":5,"turns":4},{"damage":2,"enemies":"3 Sentries","floor":7,"turns":7},{"damage":0,"enemies":"Large Slime","floor":10,"turns":5},{"damage":0,"enemies":"2 Fungi Beasts","floor":11,"turns":2},{"damage":8,"enemies":"Gremlin Nob","floor":12,"turns":3},{"damage":0,"enemies":"Looter","floor":14,"turns":3},{"damage":17,"enemies":"The Guardian","floor":16,"turns":15},{"damage":5,"enemies":"2 Thieves","floor":18,"turns":3},{"damage":0,"enemies":"3 Byrds","floor":19,"turns":3},{"damage":0,"enemies":"Masked Bandits","floor":20,"turns":1},{"damage":0,"enemies":"Book of Stabbing","floor":24,"turns":1},{"damage":0,"enemies":"Gremlin Leader","floor":27,"turns":3},{"damage":0,"enemies":"Cultist and Chosen","floor":28,"turns":3},{"damage":0,"enemies":"Snecko","floor":29,"turns":2},{"damage":0,"enemies":"Slavers","floor":30,"turns":1},{"damage":15,"enemies":"Collector","floor":33,"turns":4},{"damage":0,"enemies":"Orb Walker","floor":35,"turns":1},{"damage":0,"enemies":"3 Shapes","floor":36,"turns":2},{"damage":0,"enemies":"Jaw Worm Horde","floor":37,"turns":2},{"damage":1,"enemies":"Nemesis","floor":40,"turns":5},{"damage":10,"enemies":"Giant Head","floor":42,"turns":5},{"damage":0,"enemies":"Spire Growth","floor":44,"turns":2},{"damage":0,"enemies":"Nemesis","floor":48,"turns":5},{"damage":15,"enemies":"Time Eater","floor":50,"turns":9},{"damage":3,"enemies":"Awakened One","floor":51,"turns":13},{"damage":1,"enemies":"Shield and Spear","floor":55,"turns":6},{"damage":12,"enemies":"The Heart","floor":56,"turns":10}],"seed_played":"4869909322987450571","potions_obtained":[{"floor":1,"key":"Explosive Potion"},{"floor":3,"key":"Dexterity Potion"},{"floor":5,"key":"Block Potion"},{"floor":10,"key":"PowerPotion"},{"floor":11,"key":"Explosive Potion"},{"floor":19,"key":"DistilledChaos"},{"floor":29,"key":"Energy Potion"},{"floor":36,"key":"BlessingOfTheForge"}],"is_trial":false,"path_per_floor":["M","$","M","M","M","R","E","R","T","M","M","E","$","M","R","B",null,"M","M","?","$","?","R","E","R","T","E","M","M","E","T","R","B",null,"M","M","M","?","?","E","R","E","T","M","$","?","R","E","R","B","B",null,"R","$","E","B",null],"character_chosen":"THE_SILENT","items_purchased":["Glass Knife","PrismaticShard","Orrery","Well Laid Plans","PiercingWail","Blade Dance","Kunai","ClockworkSouvenir","SteroidPotion"],"campfire_rested":1,"item_purchase_floors":[2,13,21,45,45,45,45,54,54],"current_hp_per_floor":[58,58,58,58,58,58,56,56,56,56,56,48,48,48,48,31,57,52,52,52,52,34,34,34,55,55,55,55,55,55,55,55,40,63,63,63,63,63,63,62,62,52,52,52,52,52,52,52,52,37,46,65,65,65,69,62],"gold":50,"neow_bonus":"HUNDRED_GOLD","is_prod":false,"is_daily":false,"chose_seed":false,"campfire_upgraded":8,"win_rate":0,"timestamp":1641583104,"path_taken":["M","$","M","M","M","R","E","R","T","?","M","E","$","M","R","BOSS","M","M","?","$","?","R","E","R","T","E","M","M","E","?","R","BOSS","M","M","M","?","?","E","R","E","T","M","$","?","R","E","R","BOSS","BOSS","R","$","E","BOSS"],"build_version":"2020-12-22","purchased_purges":3,"victory":true,"max_hp_per_floor":[66,66,66,66,66,66,66,66,66,66,66,66,66,66,66,66,66,66,66,66,66,71,71,71,71,71,71,71,71,71,71,71,71,71,71,71,71,71,71,71,71,71,71,71,71,71,71,71,71,71,71,71,71,71,71,71],"relic_stats":{"Happy Flower":[15],"counters":[30,132],"Orichalcum":[18],"War Paint":["Flame Barrier","Leg Sweep"],"Question Card":27,"MawBank":228,"Centennial Puzzle":[21],"Nunchaku":[16],"Kunai":[28],"obtain_stats":[{"Happy Flower":42,"Oddly Smooth Stone":24,"Orichalcum":40,"War Paint":55,"Question Card":7,"PrismaticShard":13,"MawBank":26,"ClockworkSouvenir":54,"SlaversCollar":17,"Centennial Puzzle":27,"Nunchaku":30,"HornCleat":12,"Orrery":21,"Red Mask":20,"Coffee Dripper":34,"Kunai":45,"StrikeDummy":9,"Toy Ornithopter":48,"Ring of the Snake":0,"Meat on the Bone":31},{"Happy Flower":24,"Oddly Smooth Stone":14,"Orichalcum":23,"War Paint":29,"Question Card":5,"PrismaticShard":8,"MawBank":14,"ClockworkSouvenir":28,"SlaversCollar":10,"Centennial Puzzle":15,"Nunchaku":18,"HornCleat":8,"Orrery":13,"Red Mask":13,"Coffee Dripper":19,"Kunai":25,"StrikeDummy":5,"Toy Ornithopter":26,"Ring of the Snake":0,"Meat on the Bone":18},{"Happy Flower":87,"Oddly Smooth Stone":59,"Orichalcum":82,"War Paint":122,"Question Card":23,"PrismaticShard":33,"MawBank":59,"ClockworkSouvenir":116,"SlaversCollar":51,"Centennial Puzzle":62,"Nunchaku":68,"HornCleat":33,"Orrery":58,"Red Mask":58,"Coffee Dripper":72,"Kunai":89,"StrikeDummy":23,"Toy Ornithopter":94,"Ring of the Snake":0,"Meat on the Bone":68}],"Toy Ornithopter":10,"Ring of the Snake":[60],"Meat on the Bone":12},"card_choices":[{"not_picked":["Catalyst","Cloak And Dagger"],"picked":"Dagger Throw","floor":1},{"not_picked":["Backstab","Sucker Punch"],"picked":"Calculated Gamble","floor":3},{"not_picked":["Flechettes","Sucker Punch"],"picked":"Leg Sweep","floor":4},{"not_picked":["Prepared","Outmaneuver","Quick Slash"],"picked":"SKIP","floor":5},{"not_picked":["Sucker Punch","Bane","Backflip"],"picked":"SKIP","floor":7},{"not_picked":["Infinite Blades","Leg Sweep","Prepared","Deadly Poison"],"picked":"SKIP","floor":10},{"not_picked":["Acrobatics","Dagger Spray","Quick Slash"],"picked":"Adrenaline","floor":11},{"not_picked":["Storm of Steel","Heel Hook","Grand Finale"],"picked":"Reflex","floor":12},{"not_picked":["Blade Dance","FlurryOfBlows","Consecrate","Cold Snap"],"picked":"SKIP","floor":14},{"not_picked":["Violence","Creative AI","Omniscience"],"picked":"Hyperbeam","floor":16},{"not_picked":["FlyingSleeves","Warcry","JustLucky"],"picked":"Conclude","floor":18},{"not_picked":["Finisher","Rage","Lockon+1"],"picked":"Prostrate","floor":19},{"not_picked":["FollowUp","Reckless Charge","Streamline"],"picked":"True Grit","floor":20},{"not_picked":["FollowUp","Armaments","Flechettes+1"],"picked":"Master of Strategy","floor":21},{"not_picked":["Body Slam","Stack","BootSequence"],"picked":"Crescendo+1","floor":21},{"not_picked":["Pummel","EmptyFist","Deadly Poison","Carnage"],"picked":"SKIP","floor":24},{"not_picked":["Pummel","EmptyFist","Deadly Poison","Carnage"],"picked":"SKIP","floor":24},{"not_picked":["FollowUp+1","Disarm","CutThroughFate"],"picked":"Devotion","floor":27},{"not_picked":["CutThroughFate","Blade Dance","Concentrate","CrushJoints"],"picked":"SKIP","floor":28},{"not_picked":["Deflect","Halt","Perfected Strike+1","Thunderclap"],"picked":"SKIP","floor":29},{"not_picked":["Riddle With Holes","Scrape","Swift Strike"],"picked":"Seek","floor":30},{"not_picked":["Omniscience","Barricade","Ragnarok"],"picked":"Exhume","floor":33},{"not_picked":["Heatsinks+1","Sanctity","Go for the Eyes"],"picked":"Hologram","floor":35},{"not_picked":["Twin Strike","Whirlwind","Flying Knee"],"picked":"CrushJoints+1","floor":36},{"not_picked":["FlurryOfBlows","Caltrops","Protect"],"picked":"DeceiveReality","floor":37},{"not_picked":["Chill+1","Clash","Combust","Coolheaded+1"],"picked":"SKIP","floor":40},{"not_picked":["Noxious Fumes","Envenom","Halt"],"picked":"Impervious","floor":42},{"not_picked":["FollowUp","Cloak And Dagger","Prostrate"],"picked":"ThirdEye+1","floor":44},{"not_picked":["Tantrum","Footwork","Dagger Throw","Doom and Gloom"],"picked":"SKIP","floor":48},{"not_picked":["Flex","Pommel Strike","Steam"],"picked":"Flame Barrier","floor":55}],"player_experience":5862763,"relics_obtained":[{"floor":7,"key":"Question Card"},{"floor":9,"key":"StrikeDummy"},{"floor":12,"key":"HornCleat"},{"floor":20,"key":"Red Mask"},{"floor":24,"key":"Oddly Smooth Stone"},{"floor":26,"key":"MawBank"},{"floor":27,"key":"Centennial Puzzle"},{"floor":30,"key":"Nunchaku"},{"floor":31,"key":"Meat on the Bone"},{"floor":40,"key":"Orichalcum"},{"floor":42,"key":"Happy Flower"},{"floor":48,"key":"Toy Ornithopter"},{"floor":55,"key":"War Paint"}],"event_choices":[{"damage_healed":0,"gold_gain":0,"player_choice":"Fought Bandits","damage_taken":0,"max_hp_gain":0,"max_hp_loss":0,"event_name":"Masked Bandits","floor":20,"gold_loss":0},{"damage_healed":0,"gold_gain":0,"player_choice":"Shed Blood","damage_taken":23,"max_hp_gain":5,"max_hp_loss":0,"event_name":"Forgotten Altar","floor":22,"gold_loss":0},{"damage_healed":0,"gold_gain":222,"player_choice":"Wore Mask","damage_taken":0,"max_hp_gain":0,"max_hp_loss":0,"event_name":"Tomb of Lord Red Mask","floor":38,"gold_loss":0},{"cards_removed":["Glass Knife"],"damage_healed":0,"gold_gain":0,"player_choice":"Removed Attack","damage_taken":0,"max_hp_gain":0,"max_hp_loss":0,"event_name":"Falling","floor":39,"gold_loss":0},{"damage_healed":0,"gold_gain":0,"player_choice":"Forge","damage_taken":0,"max_hp_gain":0,"max_hp_loss":0,"event_name":"Accursed Blacksmith","floor":46,"gold_loss":0,"cards_upgraded":["Well Laid Plans"]}],"is_beta":false,"boss_relics":[{"not_picked":["Tiny House","Cursed Key"],"picked":"SlaversCollar"},{"not_picked":["HoveringKite","Sozu"],"picked":"Coffee Dripper"}],"items_purged_floors":[13,45,54],"is_endless":false,"potions_floor_spawned":[1,3,5,10,11,19,29,30,33,36,37],"ascension_level":20}