{"gold_per_floor":[117,16,16,91,102,137,137,163,233,251,270,270,283,617,617,690,690,704,68,68,38,56,91,91,118,118,118,118,118,152,152,152,227,227,242,242,242,259,36,61,61,71,71,98,112,112,138,158,158,158,158,158,158,27,53,53],"floor_reached":57,"playtime":4990,"items_purged":["Strike_G","Strike_G","Neutralize","Underhanded Strike"],"score":3107,"play_id":"3b25cb5f-f33d-4328-be7f-890b5517654b","local_time":"20220111141455","is_ascension_mode":true,"campfire_choices":[{"data":"Dash","floor":7,"key":"SMITH"},{"data":"Deadly Poison","floor":12,"key":"SMITH"},{"data":"Crippling Poison","floor":15,"key":"SMITH"},{"data":"Acrobatics","floor":24,"key":"SMITH"},{"data":"Prepared","floor":27,"key":"SMITH"},{"floor":29,"key":"REST"},{"data":"Grand Finale","floor":32,"key":"SMITH"},{"floor":46,"key":"RECALL"},{"data":"Night Terror","floor":49,"key":"SMITH"},{"data":"Deflect","floor":53,"key":"SMITH"}],"neow_cost":"NONE","seed_source_timestamp":265019470908300,"circlet_count":0,"master_deck":["AscendersBane","Defend_G","Defend_G","Defend_G","Defend_G","Defend_G","Survivor","Deadly Poison+1","Acrobatics+1","Dagger Throw","Well Laid Plans","Crippling Poison+1","Grand Finale+1","Prepared+1","Prepared+1","Leg Sweep+1","Footwork+1","Night Terror+1","Dark Shackles","Backflip","Deflect+1","Calculated Gamble"],"relics":["Ring of the Snake","NeowsBlessing","Snake Skull","Mercury Hourglass","Pantograph","Old Coin","Runic Pyramid","Incense Burner","TheAbacus","Omamori","Oddly Smooth Stone","Lizard Tail","Enchiridion","Art of War","Empty Cage","TungstenRod","Boot","Smiling Mask","Anchor","Tough Bandages"],"potions_floor_usage":[8,21,23,56,56],"damage_taken":[{"damage":0,"enemies":"Small Slimes","floor":1,"turns":1},{"damage":0,"enemies":"2 Louse","floor":5,"turns":1},{"damage":0,"enemies":"3 Sentries","floor":6,"turns":1},{"damage":11,"enemies":"Gremlin Nob","floor":8,"turns":3},{"damage":0,"enemies":"Jaw Worm","floor":10,"turns":3},{"damage":0,"enemies":"Blue Slaver","floor":11,"turns":2},{"damage":0,"enemies":"2 Fungi Beasts","floor":13,"turns":2},{"damage":18,"enemies":"Lagavulin","floor":14,"turns":8},{"damage":25,"enemies":"Hexaghost","floor":16,"turns":9},{"damage":0,"enemies":"3 Byrds","floor":18,"turns":3},{"damage":3,"enemies":"2 Thieves","floor":21,"turns":4},{"damage":0,"enemies":"Sentry and Sphere","floor":22,"turns":3},{"damage":0,"enemies":"Gremlin Leader","floor":23,"turns":5},{"damage":27,"enemies":"Slavers","floor":25,"turns":3},{"damage":0,"enemies":"Book of Stabbing","floor":30,"turns":4},{"damage":10,"enemies":"Collector","floor":33,"turns":8},{"damage":0,"enemies":"3 Darklings","floor":35,"turns":4},{"damage":0,"enemies":"3 Shapes","floor":38,"turns":4},{"damage":0,"enemies":"Nemesis","floor":40,"turns":5},{"damage":0,"enemies":"Spire Growth","floor":42,"turns":5},{"damage":0,"enemies":"Giant Head","floor":44,"turns":4},{"damage":1,"enemies":"Sphere and 2 Shapes","floor":45,"turns":5},{"damage":0,"enemies":"Reptomancer","floor":47,"turns":5},{"damage":0,"enemies":"3 Darklings","floor":48,"turns":2},{"damage":20,"enemies":"Time Eater","floor":50,"turns":16},{"damage":3,"enemies":"Donu and Deca","floor":51,"turns":5},{"damage":0,"enemies":"Shield and Spear","floor":55,"turns":3},{"damage":13,"enemies":"The Heart","floor":56,"turns":14}],"seed_played":"3030678272492054893","potions_obtained":[{"floor":1,"key":"FairyPotion"},{"floor":6,"key":"CunningPotion"},{"floor":8,"key":"BlessingOfTheForge"},{"floor":21,"key":"Block Potion"},{"floor":30,"key":"Strength Potion"},{"floor":38,"key":"CunningPotion"},{"floor":40,"key":"Fire Potion"},{"floor":44,"key":"BlessingOfTheForge"},{"floor":45,"key":"EssenceOfSteel"}],"is_trial":false,"path_per_floor":["M","$","?","?","M","E","R","E","T","M","M","R","M","E","R","B",null,"M","$","?","M","M","E","R","E","T","R","?","R","E","?","R","B",null,"M","?","?","M","$","E","?","M","T","E","M","R","E","M","R","B","B",null,"R","$","E","B",null],"character_chosen":"THE_SILENT","items_purchased":["Deadly Poison","Incense Burner","Prepared","TheAbacus","Dark Shackles","DuplicationPotion"],"campfire_rested":1,"item_purchase_floors":[2,19,19,19,39,54],"current_hp_per_floor":[59,59,59,48,48,48,48,37,37,37,37,37,37,19,19,19,54,54,54,36,33,33,33,33,6,6,6,6,27,27,27,27,42,64,64,64,64,64,64,64,64,64,64,64,63,63,63,63,63,51,68,70,70,70,70,58],"gold":53,"neow_bonus":"THREE_ENEMY_KILL","is_prod":false,"is_daily":false,"chose_seed":false,"campfire_upgraded":8,"win_rate":0,"timestamp":1641928495,"path_taken":["M","$","?","?","M","E","R","E","T","M","?","R","M","E","R","BOSS","M","$","?","M","M","E","R","E","T","R","?","R","E","?","R","BOSS","M","?","?","M","$","E","?","?","T","E","M","R","E","M","R","BOSS","BOSS","R","$","E","BOSS"],"build_version":"2020-12-22","purchased_purges":4,"victory":true,"max_hp_per_floor":[66,66,66,66,66,66,66,66,66,66,66,66,66,66,66,66,66,66,66,71,71,71,71,71,71,71,71,71,71,71,71,71,71,71,71,71,71,71,71,71,71,71,71,71,71,71,71,71,71,71,71,71,71,71,71,71],"relic_stats":{"counters":[28,131],"Snake Skull":[100],"Omamori":0,"Boot":[0],"Smiling Mask":100,"Mercury Hourglass":[466],"Lizard Tail":0,"Tough Bandages":[624],"TheAbacus":[216],"Pantograph":79,"Art of War":[41],"obtain_stats":[{"NeowsBlessing":0,"Oddly Smooth Stone":25,"Enchiridion":28,"Snake Skull":6,"Incense Burner":19,"Omamori":23,"Empty Cage":34,"Boot":41,"Smiling Mask":44,"Mercury Hourglass":8,"Old Coin":14,"Lizard Tail":26,"Anchor":47,"Tough Bandages":55,"TheAbacus":19,"Pantograph":9,"Art of War":30,"TungstenRod":40,"Ring of the Snake":0,"Runic Pyramid":17},{"NeowsBlessing":0,"Oddly Smooth Stone":14,"Enchiridion":14,"Snake Skull":3,"Incense Burner":10,"Omamori":13,"Empty Cage":16,"Boot":19,"Smiling Mask":21,"Mercury Hourglass":4,"Old Coin":8,"Lizard Tail":14,"Anchor":23,"Tough Bandages":27,"TheAbacus":10,"Pantograph":4,"Art of War":15,"TungstenRod":19,"Ring of the Snake":0,"Runic Pyramid":9},{"NeowsBlessing":0,"Oddly Smooth Stone":47,"Enchiridion":47,"Snake Skull":3,"Incense Burner":32,"Omamori":44,"Empty Cage":59,"Boot":72,"Smiling Mask":81,"Mercury Hourglass":6,"Old Coin":21,"Lizard Tail":47,"Anchor":91,"Tough Bandages":117,"TheAbacus":32,"Pantograph":6,"Art of War":51,"TungstenRod":72,"Ring of the Snake":0,"Runic Pyramid":29}],"TungstenRod":10,"Ring of the Snake":[56]},"card_choices":[{"not_picked":["Backstab","Poisoned Stab"],"picked":"Underhanded Strike","floor":1},{"not_picked":["Well Laid Plans","Blade Dance"],"picked":"Dash","floor":5},{"not_picked":["Footwork","Backstab"],"picked":"Acrobatics","floor":6},{"not_picked":["Bane","Flying Knee"],"picked":"Dagger Throw","floor":8},{"not_picked":["PiercingWail","Prepared"],"picked":"Well Laid Plans","floor":10},{"not_picked":["Slice","Dodge and Roll","Expertise"],"picked":"SKIP","floor":11},{"not_picked":["Slice","Dodge and Roll","Expertise"],"picked":"SKIP","floor":11},{"not_picked":["Quick Slash","Endless Agony","Sucker Punch"],"picked":"SKIP","floor":13},{"not_picked":["Sucker Punch","Choke"],"picked":"Crippling Poison","floor":14},{"not_picked":["Glass Knife","Malaise"],"picked":"Grand Finale","floor":16},{"not_picked":["Acrobatics","Flechettes","Sucker Punch"],"picked":"SKIP","floor":18},{"not_picked":["Flying Knee","Bouncing Flask","Distraction"],"picked":"SKIP","floor":21},{"not_picked":["Slice","Dagger Throw+1"],"picked":"Prepared+1","floor":22},{"not_picked":["Choke","Leg Sweep","Catalyst"],"picked":"SKIP","floor":23},{"not_picked":["Choke","Leg Sweep","Catalyst"],"picked":"SKIP","floor":23},{"not_picked":["Skewer+1","Eviscerate"],"picked":"Leg Sweep+1","floor":25},{"not_picked":["Noxious Fumes","Eviscerate"],"picked":"Footwork+1","floor":30},{"not_picked":["Unload","Envenom"],"picked":"Night Terror","floor":33},{"not_picked":["Slice","Cloak And Dagger","Quick Slash"],"picked":"SKIP","floor":35},{"not_picked":["Doppelganger","Dodge and Roll","Masterful Stab"],"picked":"SKIP","floor":38},{"not_picked":["Poisoned Stab","Predator+1","Underhanded Strike"],"picked":"SKIP","floor":40},{"not_picked":["Poisoned Stab","Predator+1","Underhanded Strike"],"picked":"SKIP","floor":40},{"not_picked":["Poisoned Stab","Outmaneuver","Concentrate"],"picked":"SKIP","floor":42},{"not_picked":["Skewer","Infinite Blades","Sucker Punch"],"picked":"SKIP","floor":44},{"not_picked":["Catalyst","Quick Slash"],"picked":"Backflip","floor":45},{"not_picked":["Outmaneuver","After Image","Dagger Throw"],"picked":"SKIP","floor":47},{"not_picked":["Blade Dance","Die Die Die"],"picked":"Deflect","floor":48},{"not_picked":["Slice+1","Sucker Punch"],"picked":"Calculated Gamble","floor":55}],"player_experience":5893188,"relics_obtained":[{"floor":6,"key":"Snake Skull"},{"floor":8,"key":"Mercury Hourglass"},{"floor":9,"key":"Pantograph"},{"floor":14,"key":"Old Coin"},{"floor":23,"key":"Omamori"},{"floor":25,"key":"Oddly Smooth Stone"},{"floor":26,"key":"Lizard Tail"},{"floor":28,"key":"Enchiridion"},{"floor":30,"key":"Art of War"},{"floor":40,"key":"TungstenRod"},{"floor":41,"key":"Boot"},{"floor":44,"key":"Smiling Mask"},{"floor":47,"key":"Anchor"},{"floor":55,"key":"Tough Bandages"}],"event_choices":[{"damage_healed":0,"gold_gain":0,"player_choice":"Ignored","damage_taken":0,"max_hp_gain":0,"max_hp_loss":0,"event_name":"Liars Game","floor":3,"gold_loss":0},{"damage_healed":0,"gold_gain":75,"player_choice":"Gather Gold","damage_taken":11,"max_hp_gain":0,"max_hp_loss":0,"event_name":"World of Goop","floor":4,"gold_loss":0},{"damage_healed":0,"gold_gain":0,"player_choice":"Shed Blood","damage_taken":23,"max_hp_gain":5,"max_hp_loss":0,"event_name":"Forgotten Altar","floor":20,"gold_loss":0},{"damage_healed":0,"gold_gain":0,"player_choice":"Obtained Book","damage_taken":21,"max_hp_gain":0,"max_hp_loss":0,"event_name":"Cursed Tome","floor":28,"gold_loss":0},{"cards_removed":["Strike_G"],"damage_healed":0,"gold_gain":0,"player_choice":"Purged","damage_taken":0,"max_hp_gain":0,"max_hp_loss":0,"event_name":"Purifier","floor":31,"gold_loss":0},{"cards_removed":["Dash"],"damage_healed":0,"gold_gain":0,"player_choice":"Removed Attack","damage_taken":0,"max_hp_gain":0,"max_hp_loss":0,"event_name":"Falling","floor":36,"gold_loss":0},{"damage_healed":0,"gold_gain":0,"player_choice":"Ignored","damage_taken":0,"max_hp_gain":0,"max_hp_loss":0,"event_name":"Tomb of Lord Red Mask","floor":37,"gold_loss":0},{"damage_healed":0,"gold_gain":0,"player_choice":"Relic","damage_taken":0,"max_hp_gain":0,"max_hp_loss":0,"event_name":"Wheel of Change","floor":41,"gold_loss":0}],"is_beta":false,"boss_relics":[{"not_picked":["Fusion Hammer","Astrolabe"],"picked":"Runic Pyramid"},{"not_picked":["SacredBark","WristBlade"],"picked":"Empty Cage"}],"items_purged_floors":[2,19,39,54],"is_endless":false,"potions_floor_spawned":[1,6,8,21,22,30,38,40,44,45],"ascension_level":20}