{"gold_per_floor":[12,24,40,40,57,90,90,103,152,172,197,224,224,240,240,317,317,330,330,347,366,48,48,64,64,64,64,64,7,21,52,52,123,123,135,151,71,89,89,89,109,109,109,141,141,170,192,30,30,30,30,30,30,30,69,69],"floor_reached":56,"playtime":6682,"items_purged":["Defend_G","Strike_G","Parasite"],"score":1853,"play_id":"b1870242-e469-4105-a870-4171a8f31376","local_time":"20220105160051","is_ascension_mode":true,"campfire_choices":[{"data":"Blade Dance","floor":7,"key":"SMITH"},{"data":"Envenom","floor":13,"key":"SMITH"},{"data":"Well Laid Plans","floor":15,"key":"SMITH"},{"data":"Accuracy","floor":23,"key":"SMITH"},{"data":"Blade Dance","floor":25,"key":"SMITH"},{"floor":27,"key":"REST"},{"floor":32,"key":"REST"},{"data":"Phantasmal Killer","floor":40,"key":"SMITH"},{"floor":42,"key":"RECALL"},{"data":"PanicButton","floor":45,"key":"SMITH"},{"data":"Trip","floor":49,"key":"SMITH"},{"data":"Leg Sweep","floor":53,"key":"SMITH"}],"neow_cost":"NO_GOLD","seed_source_timestamp":1215454922458600,"circlet_count":0,"master_deck":["AscendersBane","Strike_G","Strike_G","Strike_G","Strike_G","Defend_G","Defend_G","Survivor","Neutralize","Dagger Spray+1","Finisher","PiercingWail","Quick Slash","Blade Dance+1","Well Laid Plans+1","Leg Sweep+1","Infinite Blades","Envenom+1","Finisher","Die Die Die","Accuracy+1","Blade Dance+1","PiercingWail","PiercingWail","Phantasmal Killer+1","Calculated Gamble+1","Footwork+1","Dash","Flash of Steel","PanicButton+1","PiercingWail","Calculated Gamble+1","Trip+1","Cloak And Dagger+1"],"relics":["Ring of the Snake","Strawberry","Blood Vial","Odd Mushroom","The Courier","SacredBark","OrangePellets","CaptainsWheel","MutagenicStrength","Regal Pillow","Anchor","Coffee Dripper","CeramicFish","Singing Bowl","Boot"],"potions_floor_usage":[6,12,14,18,20,21,24,33,35,44,55,56],"damage_taken":[{"damage":9,"enemies":"Jaw Worm","floor":1,"turns":6},{"damage":0,"enemies":"Cultist","floor":2,"turns":3},{"damage":0,"enemies":"Small Slimes","floor":3,"turns":2},{"damage":13,"enemies":"Exordium Wildlife","floor":5,"turns":5},{"damage":17,"enemies":"Lagavulin","floor":6,"turns":4},{"damage":0,"enemies":"Large Slime","floor":8,"turns":3},{"damage":1,"enemies":"Red Slaver","floor":10,"turns":3},{"damage":2,"enemies":"The Mushroom Lair","floor":11,"turns":3},{"damage":11,"enemies":"Gremlin Nob","floor":12,"turns":3},{"damage":1,"enemies":"Blue Slaver","floor":14,"turns":7},{"damage":12,"enemies":"Slime Boss","floor":16,"turns":8},{"damage":2,"enemies":"Chosen","floor":18,"turns":4},{"damage":10,"enemies":"2 Thieves","floor":20,"turns":4},{"damage":17,"enemies":"Centurion and Healer","floor":21,"turns":7},{"damage":17,"enemies":"Cultist and Chosen","floor":24,"turns":5},{"damage":3,"enemies":"Chosen and Byrds","floor":30,"turns":4},{"damage":18,"enemies":"Slavers","floor":31,"turns":6},{"damage":59,"enemies":"Champ","floor":33,"turns":14},{"damage":6,"enemies":"3 Shapes","floor":35,"turns":6},{"damage":0,"enemies":"Orb Walker","floor":36,"turns":2},{"damage":4,"enemies":"Writhing Mass","floor":38,"turns":6},{"damage":0,"enemies":"4 Shapes","floor":41,"turns":2},{"damage":3,"enemies":"Reptomancer","floor":44,"turns":3},{"damage":7,"enemies":"Giant Head","floor":46,"turns":6},{"damage":0,"enemies":"Maw","floor":47,"turns":5},{"damage":19,"enemies":"Donu and Deca","floor":50,"turns":8},{"damage":18,"enemies":"Time Eater","floor":51,"turns":10},{"damage":35,"enemies":"Shield and Spear","floor":55,"turns":8},{"damage":63,"enemies":"The Heart","floor":56,"turns":2}],"seed_played":"-6223709398309552753","potions_obtained":[{"floor":2,"key":"Fire Potion"},{"floor":3,"key":"SteroidPotion"},{"floor":6,"key":"Swift Potion"},{"floor":12,"key":"Regen Potion"},{"floor":16,"key":"Block Potion"},{"floor":18,"key":"FearPotion"},{"floor":21,"key":"Ancient Potion"},{"floor":24,"key":"Dexterity Potion"},{"floor":33,"key":"SteroidPotion"},{"floor":35,"key":"PowerPotion"},{"floor":44,"key":"PowerPotion"}],"is_trial":false,"path_per_floor":["M","M","M","?","M","E","R","M","T","M","?","E","R","M","R","B",null,"M","?","M","M","$","R","M","R","T","R","?","?","M","E","R","B",null,"M","M","$","M","?","R","M","R","T","E","R","E","M","$","R","B","B",null,"R","$","E","B"],"character_chosen":"THE_SILENT","items_purchased":["OrangePellets","Explosive Potion","GhostInAJar","Trip"],"campfire_rested":2,"item_purchase_floors":[22,22,22,48],"current_hp_per_floor":[50,50,50,50,37,27,27,27,27,28,28,19,19,35,35,25,61,61,61,53,38,38,38,23,23,23,44,44,44,43,27,63,6,56,52,54,54,52,42,42,44,44,44,43,43,40,42,42,42,25,9,56,56,56,23,0],"gold":69,"neow_bonus":"REMOVE_TWO","is_prod":false,"is_daily":false,"chose_seed":false,"campfire_upgraded":9,"win_rate":0,"timestamp":1641416451,"path_taken":["M","M","M","?","?","E","R","M","T","M","?","E","R","M","R","BOSS","M","?","M","M","$","R","M","R","T","R","?","?","?","E","R","BOSS","M","M","$","M","?","R","M","R","T","E","R","E","M","$","R","BOSS","BOSS","R","$","E","BOSS"],"build_version":"2020-12-22","purchased_purges":3,"victory":false,"max_hp_per_floor":[66,66,66,66,66,73,73,73,73,73,73,73,73,73,73,73,73,73,73,73,73,73,73,73,73,73,73,73,73,73,73,73,73,73,73,73,73,73,73,73,73,73,73,73,73,75,75,72,72,72,72,72,72,72,72,72],"relic_stats":{"Blood Vial":46,"OrangePellets":[32],"Regal Pillow":15,"Singing Bowl":2,"counters":[29,149],"CeramicFish":27,"The Courier":142,"Boot":[0],"obtain_stats":[{"Regal Pillow":29,"Singing Bowl":46,"SacredBark":17,"CeramicFish":44,"The Courier":12,"Odd Mushroom":11,"Boot":55,"Blood Vial":9,"OrangePellets":22,"CaptainsWheel":26,"Anchor":31,"Strawberry":6,"MutagenicStrength":28,"Coffee Dripper":34,"Ring of the Snake":0},{"Regal Pillow":15,"Singing Bowl":24,"SacredBark":11,"CeramicFish":23,"The Courier":9,"Odd Mushroom":8,"Boot":28,"Blood Vial":6,"OrangePellets":14,"CaptainsWheel":15,"Anchor":17,"Strawberry":5,"MutagenicStrength":15,"Coffee Dripper":18,"Ring of the Snake":0},{"Regal Pillow":67,"Singing Bowl":116,"SacredBark":47,"CeramicFish":110,"The Courier":32,"Odd Mushroom":29,"Boot":147,"Blood Vial":23,"OrangePellets":62,"CaptainsWheel":67,"Anchor":77,"Strawberry":20,"MutagenicStrength":67,"Coffee Dripper":91,"Ring of the Snake":0}],"Ring of the Snake":[58]},"card_choices":[{"not_picked":["Deadly Poison","Tactician"],"picked":"Dagger Spray","floor":1},{"not_picked":["Escape Plan","Dagger Spray"],"picked":"Finisher","floor":2},{"not_picked":["Deflect","Quick Slash"],"picked":"PiercingWail","floor":3},{"not_picked":["Setup","Underhanded Strike"],"picked":"Quick Slash","floor":5},{"not_picked":["Tools of the Trade","Cloak And Dagger"],"picked":"Blade Dance","floor":6},{"not_picked":["PiercingWail","Dagger Throw"],"picked":"Well Laid Plans","floor":8},{"not_picked":["Crippling Poison","Dagger Spray"],"picked":"Leg Sweep","floor":10},{"not_picked":["Dodge and Roll","Poisoned Stab"],"picked":"Infinite Blades","floor":11},{"not_picked":["Underhanded Strike","Flying Knee"],"picked":"Envenom","floor":12},{"not_picked":["PiercingWail","Underhanded Strike"],"picked":"Finisher","floor":14},{"not_picked":["Bullet Time","Doppelganger"],"picked":"Die Die Die","floor":16},{"not_picked":["Deflect","Leg Sweep"],"picked":"Accuracy","floor":18},{"not_picked":["Endless Agony","Eviscerate"],"picked":"PiercingWail","floor":20},{"not_picked":["Setup","Backflip"],"picked":"PiercingWail","floor":21},{"not_picked":["Acrobatics","Bouncing Flask","Dash"],"picked":"SKIP","floor":24},{"not_picked":["A Thousand Cuts","Dodge and Roll","Bane"],"picked":"SKIP","floor":30},{"not_picked":["Prepared","Predator","Concentrate"],"picked":"SKIP","floor":31},{"not_picked":["Prepared","Predator","Concentrate"],"picked":"SKIP","floor":31},{"not_picked":["Night Terror","Glass Knife"],"picked":"Phantasmal Killer","floor":33},{"not_picked":["Acrobatics","Backstab+1"],"picked":"Calculated Gamble+1","floor":35},{"not_picked":["Bane","Leg Sweep"],"picked":"Footwork+1","floor":36},{"not_picked":["Prepared","Bouncing Flask"],"picked":"Dash","floor":38},{"not_picked":["Purity","Swift Strike"],"picked":"Flash of Steel","floor":39},{"not_picked":["Deep Breath","Madness"],"picked":"PanicButton","floor":39},{"not_picked":["Reflex","Sucker Punch+1"],"picked":"PiercingWail","floor":41},{"not_picked":["Noxious Fumes","Deadly Poison","Bane"],"picked":"SKIP","floor":44},{"not_picked":["Calculated Gamble","Accuracy","Dagger Throw+1"],"picked":"Singing Bowl","floor":46},{"not_picked":["Finisher","Blade Dance"],"picked":"Calculated Gamble+1","floor":47},{"not_picked":["Terror+1","All Out Attack"],"picked":"Cloak And Dagger+1","floor":55}],"player_experience":5835886,"relics_obtained":[{"floor":6,"key":"Strawberry"},{"floor":9,"key":"Blood Vial"},{"floor":11,"key":"Odd Mushroom"},{"floor":12,"key":"The Courier"},{"floor":26,"key":"CaptainsWheel"},{"floor":31,"key":"Anchor"},{"floor":44,"key":"CeramicFish"},{"floor":46,"key":"Singing Bowl"},{"floor":55,"key":"Boot"}],"event_choices":[{"damage_healed":0,"gold_gain":0,"player_choice":"Forge","damage_taken":0,"max_hp_gain":0,"max_hp_loss":0,"event_name":"Accursed Blacksmith","floor":4,"gold_loss":0,"cards_upgraded":["Dagger Spray"]},{"damage_healed":0,"gold_gain":0,"player_choice":"Fought Mushrooms","damage_taken":0,"max_hp_gain":0,"max_hp_loss":0,"event_name":"Mushrooms","floor":11,"gold_loss":0},{"damage_healed":0,"gold_gain":0,"player_choice":"Read","damage_taken":0,"max_hp_gain":0,"max_hp_loss":0,"event_name":"The Library","floor":19,"gold_loss":0,"cards_obtained":["Blade Dance"]},{"damage_healed":0,"gold_gain":0,"player_choice":"Inject Mutagens","damage_taken":0,"relics_obtained":["MutagenicStrength"],"max_hp_gain":0,"max_hp_loss":0,"event_name":"Drug Dealer","floor":28,"gold_loss":0},{"damage_healed":0,"gold_gain":0,"player_choice":"Paid Gold","damage_taken":0,"relics_obtained":["Regal Pillow"],"max_hp_gain":0,"max_hp_loss":0,"event_name":"WeMeetAgain","floor":29,"gold_loss":57},{"damage_healed":0,"gold_gain":0,"player_choice":"Memory 3","damage_taken":10,"max_hp_gain":0,"max_hp_loss":0,"event_name":"SensoryStone","floor":39,"gold_loss":0}],"is_beta":false,"boss_relics":[{"not_picked":["Velvet Choker","Ring of the Serpent"],"picked":"SacredBark"},{"not_picked":["Busted Crown","Calling Bell"],"picked":"Coffee Dripper"}],"items_purged_floors":[22,37,48],"is_endless":false,"potions_floor_spawned":[2,3,5,6,12,16,18,21,24,33,35,44],"killed_by":"The Heart","ascension_level":20}