{"gold_per_floor":[118,130,146,157,157,182,182,208,263,263,274,306,65,65,65,143,143,162,162,182,182,194,223,223,257,309,342,342,79,79,4,4,83,83,101,119,130,5,20,45,45,45,68,68,68,87,117,144,156,168,180,192,204,52,80,80],"floor_reached":57,"playtime":7105,"items_purged":["Strike_G","Strike_G","Defend_G"],"score":2876,"play_id":"b60d993e-3d12-454b-a63d-f912e206af9f","local_time":"20220104141256","is_ascension_mode":true,"campfire_choices":[{"floor":7,"key":"REST"},{"data":"Dagger Spray","floor":10,"key":"SMITH"},{"data":"Bouncing Flask","floor":15,"key":"SMITH"},{"data":"Crippling Poison","floor":24,"key":"SMITH"},{"data":"Footwork","floor":30,"key":"SMITH"},{"floor":32,"key":"REST"},{"data":"Malaise","floor":42,"key":"SMITH"},{"floor":49,"key":"RECALL"},{"floor":53,"key":"REST"}],"neow_cost":"NONE","seed_source_timestamp":1122129918303499,"circlet_count":0,"master_deck":["AscendersBane","Strike_G+1","Strike_G+1","Defend_G+1","Defend_G+1","Defend_G","Defend_G","Survivor","Bouncing Flask+1","Dagger Spray+1","Masterful Stab","Terror","Predator","Backflip","Bullet Time+1","Malaise+1","Crippling Poison+1","Footwork+1","Bullet Time","Backflip","Acrobatics","Night Terror","PiercingWail","Leg Sweep","Leg Sweep","Backflip+1","Dodge and Roll"],"relics":["Ring of the Snake","Whetstone","Strawberry","Bottled Flame","Lantern","War Paint","TwistedFunnel","Snecko Eye","CultistMask","Juzu Bracelet","Potion Belt","Centennial Puzzle","Bag of Marbles","Runic Pyramid","Mercury Hourglass","Oddly Smooth Stone","MawBank","Cauldron","Bronze Scales"],"potions_floor_usage":[3,6,12,23,23,23,48,56,56,56],"damage_taken":[{"damage":0,"enemies":"Jaw Worm","floor":1,"turns":5},{"damage":0,"enemies":"2 Louse","floor":2,"turns":2},{"damage":2,"enemies":"Small Slimes","floor":3,"turns":4},{"damage":5,"enemies":"Red Slaver","floor":4,"turns":3},{"damage":20,"enemies":"Lagavulin","floor":6,"turns":6},{"damage":3,"enemies":"Gremlin Nob","floor":8,"turns":3},{"damage":0,"enemies":"Looter","floor":11,"turns":2},{"damage":2,"enemies":"3 Sentries","floor":12,"turns":4},{"damage":16,"enemies":"Hexaghost","floor":16,"turns":8},{"damage":9,"enemies":"Chosen","floor":18,"turns":5},{"damage":0,"enemies":"3 Byrds","floor":20,"turns":3},{"damage":2,"enemies":"Snecko","floor":22,"turns":4},{"damage":3,"enemies":"Gremlin Leader","floor":23,"turns":4},{"damage":13,"enemies":"Book of Stabbing","floor":25,"turns":5},{"damage":0,"enemies":"Slavers","floor":27,"turns":3},{"damage":1,"enemies":"Automaton","floor":33,"turns":10},{"damage":0,"enemies":"Orb Walker","floor":35,"turns":3},{"damage":0,"enemies":"3 Shapes","floor":36,"turns":2},{"damage":0,"enemies":"Maw","floor":37,"turns":6},{"damage":0,"enemies":"3 Darklings","floor":39,"turns":4},{"damage":0,"enemies":"Nemesis","floor":40,"turns":9},{"damage":0,"enemies":"Transient","floor":46,"turns":6},{"damage":3,"enemies":"Reptomancer","floor":47,"turns":6},{"damage":0,"enemies":"Maw","floor":48,"turns":8},{"damage":0,"enemies":"Donu and Deca","floor":50,"turns":16},{"damage":26,"enemies":"Time Eater","floor":51,"turns":17},{"damage":7,"enemies":"Shield and Spear","floor":55,"turns":9},{"damage":36,"enemies":"The Heart","floor":56,"turns":10}],"seed_played":"-1411802659629386212","potions_obtained":[{"floor":1,"key":"SpeedPotion"},{"floor":2,"key":"AttackPotion"},{"floor":6,"key":"Fire Potion"},{"floor":12,"key":"Fire Potion"},{"floor":18,"key":"EntropicBrew"},{"floor":25,"key":"DistilledChaos"},{"floor":33,"key":"Ancient Potion"},{"floor":37,"key":"CunningPotion"},{"floor":46,"key":"SteroidPotion"},{"floor":48,"key":"EssenceOfSteel"},{"floor":54,"key":"LiquidMemories"},{"floor":54,"key":"SneckoOil"}],"is_trial":false,"path_per_floor":["M","M","M","M","?","E","R","E","T","R","M","E","$","?","R","B",null,"M","?","M","?","M","E","R","E","T","E","$","$","R","?","R","B",null,"M","M","M","$","M","E","?","R","T","?","?","M","E","M","R","B","B",null,"R","$","E","B",null],"character_chosen":"THE_SILENT","items_purchased":["TwistedFunnel","Bag of Marbles","Cauldron"],"campfire_rested":3,"item_purchase_floors":[13,29,54],"current_hp_per_floor":[59,59,57,52,32,19,40,37,37,37,37,35,35,35,35,19,60,51,51,51,51,49,46,46,33,33,33,33,33,33,33,54,53,68,68,68,68,68,68,68,68,68,68,68,58,58,55,55,55,55,29,59,69,69,62,26],"gold":80,"neow_bonus":"RANDOM_COMMON_RELIC","is_prod":false,"is_daily":false,"chose_seed":false,"campfire_upgraded":5,"win_rate":0,"timestamp":1641323576,"path_taken":["M","M","M","M","?","E","R","E","T","R","M","E","$","?","R","BOSS","M","?","M","?","?","E","R","E","T","E","?","$","R","?","R","BOSS","M","M","M","$","M","E","?","R","T","?","?","M","E","M","R","BOSS","BOSS","R","$","E","BOSS"],"build_version":"2020-12-22","purchased_purges":3,"victory":true,"max_hp_per_floor":[66,66,66,66,66,73,73,73,73,73,73,73,73,73,73,73,73,73,73,73,73,73,73,73,73,73,73,73,73,73,73,73,73,73,73,73,73,73,73,73,73,73,73,69,69,69,69,69,69,69,69,69,69,69,69,69],"relic_stats":{"counters":[28,166],"Juzu Bracelet":0,"Whetstone":["Neutralize","Strike_G"],"War Paint":["Bullet Time","Defend_G"],"MawBank":84,"Mercury Hourglass":[193],"Cauldron":2,"Bottled Flame":"Masterful Stab","Centennial Puzzle":[13],"Bronze Scales":[144],"Snecko Eye":[216,204,196,217,-213],"obtain_stats":[{"TwistedFunnel":13,"Potion Belt":25,"Lantern":9,"Oddly Smooth Stone":43,"Juzu Bracelet":23,"Whetstone":0,"War Paint":12,"MawBank":47,"Mercury Hourglass":40,"Cauldron":54,"Bottled Flame":8,"Centennial Puzzle":27,"Strawberry":6,"Bronze Scales":55,"Snecko Eye":17,"CultistMask":21,"Bag of Marbles":29,"Ring of the Snake":0,"Runic Pyramid":34},{"TwistedFunnel":8,"Potion Belt":14,"Lantern":6,"Oddly Smooth Stone":21,"Juzu Bracelet":13,"Whetstone":0,"War Paint":8,"MawBank":23,"Mercury Hourglass":21,"Cauldron":26,"Bottled Flame":6,"Centennial Puzzle":15,"Strawberry":5,"Bronze Scales":27,"Snecko Eye":9,"CultistMask":11,"Bag of Marbles":15,"Ring of the Snake":0,"Runic Pyramid":16},{"TwistedFunnel":29,"Potion Belt":58,"Lantern":23,"Oddly Smooth Stone":95,"Juzu Bracelet":53,"Whetstone":0,"War Paint":29,"MawBank":107,"Mercury Hourglass":95,"Cauldron":147,"Bottled Flame":23,"Centennial Puzzle":61,"Strawberry":20,"Bronze Scales":156,"Snecko Eye":37,"CultistMask":45,"Bag of Marbles":61,"Ring of the Snake":0,"Runic Pyramid":71}],"Ring of the Snake":[56]},"card_choices":[{"not_picked":["Backflip","Deadly Poison"],"picked":"Bouncing Flask","floor":1},{"not_picked":["Blur","Quick Slash"],"picked":"Dagger Spray","floor":2},{"not_picked":["Distraction","Prepared"],"picked":"Masterful Stab","floor":3},{"not_picked":["Reflex","Leg Sweep"],"picked":"Terror","floor":4},{"not_picked":["Choke","Caltrops","Dodge and Roll"],"picked":"SKIP","floor":6},{"not_picked":["Backstab","Eviscerate"],"picked":"Predator","floor":8},{"not_picked":["Dagger Throw","Deflect"],"picked":"Backflip","floor":11},{"not_picked":["After Image","Prepared"],"picked":"Bullet Time","floor":12},{"not_picked":["Die Die Die","Envenom"],"picked":"Malaise","floor":16},{"not_picked":["Blur","Slice+1","Dodge and Roll"],"picked":"SKIP","floor":18},{"not_picked":["Slice","Backstab"],"picked":"Footwork","floor":20},{"not_picked":["Catalyst","Backstab"],"picked":"Bullet Time","floor":23},{"not_picked":["Flying Knee","Backstab"],"picked":"Backflip","floor":25},{"not_picked":["Grand Finale","Dodge and Roll"],"picked":"Acrobatics","floor":27},{"not_picked":["Phantasmal Killer","After Image"],"picked":"Night Terror","floor":33},{"not_picked":["Prepared","Concentrate"],"picked":"PiercingWail","floor":35},{"not_picked":["Acrobatics","Quick Slash"],"picked":"Leg Sweep","floor":36},{"not_picked":["Choke","Setup","Riddle With Holes"],"picked":"SKIP","floor":37},{"not_picked":["Finisher","Cloak And Dagger+1","Heel Hook"],"picked":"SKIP","floor":39},{"not_picked":["Dagger Throw","Phantasmal Killer","Skewer"],"picked":"SKIP","floor":40},{"not_picked":["Outmaneuver","PiercingWail"],"picked":"Leg Sweep","floor":46},{"not_picked":["A Thousand Cuts","Choke"],"picked":"Backflip+1","floor":47},{"not_picked":["Cloak And Dagger","Quick Slash","Acrobatics"],"picked":"SKIP","floor":48},{"not_picked":["Cloak And Dagger","Quick Slash","Acrobatics"],"picked":"SKIP","floor":48},{"not_picked":["Backflip","Bane+1"],"picked":"Dodge and Roll","floor":55}],"player_experience":5811781,"relics_obtained":[{"floor":6,"key":"Strawberry"},{"floor":8,"key":"Bottled Flame"},{"floor":9,"key":"Lantern"},{"floor":12,"key":"War Paint"},{"floor":23,"key":"Juzu Bracelet"},{"floor":25,"key":"Potion Belt"},{"floor":27,"key":"Centennial Puzzle"},{"floor":40,"key":"Mercury Hourglass"},{"floor":43,"key":"Oddly Smooth Stone"},{"floor":47,"key":"MawBank"},{"floor":55,"key":"Bronze Scales"}],"event_choices":[{"damage_healed":0,"gold_gain":0,"player_choice":"Entered Light","damage_taken":20,"max_hp_gain":0,"max_hp_loss":0,"event_name":"Shining Light","floor":5,"gold_loss":0,"cards_upgraded":["Defend_G","Strike_G"]},{"damage_healed":0,"gold_gain":0,"player_choice":"Leave","damage_taken":0,"max_hp_gain":0,"max_hp_loss":0,"event_name":"The Cleric","floor":14,"gold_loss":0},{"damage_healed":0,"gold_gain":0,"player_choice":"Read","damage_taken":0,"max_hp_gain":0,"max_hp_loss":0,"event_name":"The Library","floor":19,"gold_loss":0,"cards_obtained":["Crippling Poison"]},{"damage_healed":0,"gold_gain":0,"player_choice":"Trade","damage_taken":0,"relics_obtained":["CultistMask"],"max_hp_gain":0,"max_hp_loss":0,"event_name":"FaceTrader","floor":21,"gold_loss":0},{"cards_removed":["Strike_G"],"damage_healed":0,"gold_gain":0,"player_choice":"Gave Gold","damage_taken":0,"max_hp_gain":0,"max_hp_loss":0,"event_name":"Beggar","floor":31,"gold_loss":75},{"cards_removed":["Neutralize"],"damage_healed":0,"gold_gain":0,"player_choice":"Removed Attack","damage_taken":0,"max_hp_gain":0,"max_hp_loss":0,"event_name":"Falling","floor":41,"gold_loss":0},{"damage_healed":0,"gold_gain":0,"player_choice":"Max HP","damage_taken":0,"max_hp_gain":0,"max_hp_loss":4,"event_name":"Winding Halls","floor":44,"gold_loss":0},{"damage_healed":0,"gold_gain":0,"player_choice":"Memory 3","damage_taken":10,"max_hp_gain":0,"max_hp_loss":0,"event_name":"SensoryStone","floor":45,"gold_loss":0}],"is_beta":false,"boss_relics":[{"not_picked":["Sozu","SacredBark"],"picked":"Snecko Eye"},{"not_picked":["Velvet Choker","SlaversCollar"],"picked":"Runic Pyramid"}],"items_purged_floors":[13,29,38],"is_endless":false,"potions_floor_spawned":[1,2,6,12,18,25,33,37,46,48],"ascension_level":20}