{"gold_per_floor":[117,127,127,127,146,146,165,165,189,114,130,171,196,234,234,330,330,349,364,4,27,50,50,50,50,76,116,116,137,37,37,37,37],"floor_reached":33,"playtime":3029,"items_purged":["Strike_G","Strike_G"],"score":554,"play_id":"6942ac81-bd0d-47b7-98ea-b56d69872815","local_time":"20220119134227","is_ascension_mode":true,"campfire_choices":[{"data":"Survivor","floor":6,"key":"SMITH"},{"data":"Neutralize","floor":8,"key":"SMITH"},{"data":"Predator","floor":15,"key":"SMITH"},{"data":"Tactician","floor":23,"key":"SMITH"},{"data":"Malaise","floor":25,"key":"SMITH"},{"data":"Calculated Gamble","floor":28,"key":"SMITH"},{"floor":32,"key":"REST"}],"neow_cost":"NONE","seed_source_timestamp":41876309702500,"circlet_count":0,"master_deck":["AscendersBane","Strike_G","Defend_G","Defend_G","Defend_G","Defend_G","Survivor+1","Neutralize+1","Riddle With Holes","PiercingWail","Dagger Spray","Calculated Gamble+1","Predator+1","Malaise+1","Backstab","Acrobatics","Tactician+1","Acrobatics","Ghostly","Ghostly","Ghostly","Eviscerate","Outmaneuver"],"relics":["Ring of the Snake","Boot","Golden Idol","Bronze Scales","Snake Skull","Centennial Puzzle","Empty Cage","InkBottle","Dream Catcher","Enchiridion"],"potions_floor_usage":[14,16,33],"damage_taken":[{"damage":0,"enemies":"Jaw Worm","floor":1,"turns":5},{"damage":0,"enemies":"Small Slimes","floor":2,"turns":2},{"damage":0,"enemies":"Cultist","floor":5,"turns":3},{"damage":12,"enemies":"Gremlin Gang","floor":7,"turns":5},{"damage":0,"enemies":"2 Fungi Beasts","floor":11,"turns":2},{"damage":15,"enemies":"3 Sentries","floor":12,"turns":6},{"damage":0,"enemies":"Looter","floor":13,"turns":2},{"damage":6,"enemies":"Gremlin Nob","floor":14,"turns":3},{"damage":3,"enemies":"The Guardian","floor":16,"turns":11},{"damage":3,"enemies":"Shell Parasite","floor":18,"turns":8},{"damage":0,"enemies":"3 Byrds","floor":19,"turns":3},{"damage":0,"enemies":"Centurion and Healer","floor":21,"turns":9},{"damage":4,"enemies":"Chosen and Byrds","floor":22,"turns":5},{"damage":1,"enemies":"Book of Stabbing","floor":27,"turns":7},{"damage":0,"enemies":"Snake Plant","floor":29,"turns":5},{"damage":23,"enemies":"Champ","floor":33,"turns":11}],"seed_played":"-4026300282888301088","potions_obtained":[{"floor":11,"key":"Strength Potion"},{"floor":12,"key":"AttackPotion"},{"floor":14,"key":"Strength Potion"},{"floor":16,"key":"Explosive Potion"}],"is_trial":false,"path_per_floor":["M","M","?","?","M","R","M","R","T","$","M","E","M","E","R","B",null,"M","M","$","M","M","R","?","R","T","E","R","M","$","?","R","B"],"character_chosen":"THE_SILENT","items_purchased":["InkBottle","Acrobatics","Tactician"],"campfire_rested":1,"item_purchase_floors":[20,20,20],"current_hp_per_floor":[59,59,59,59,59,59,47,47,47,47,47,32,32,26,26,23,51,48,48,48,48,44,44,30,30,30,29,29,29,29,8,17,0],"gold":37,"neow_bonus":"RANDOM_COMMON_RELIC","is_prod":false,"is_daily":false,"chose_seed":false,"campfire_upgraded":6,"win_rate":0,"timestamp":1642617747,"path_taken":["M","M","?","?","?","R","M","R","T","$","M","E","M","E","R","BOSS","M","M","$","?","M","R","?","R","T","E","R","M","$","?","R","BOSS"],"build_version":"2020-12-22","purchased_purges":2,"victory":false,"max_hp_per_floor":[66,66,60,60,60,60,60,60,60,60,60,60,60,60,60,60,60,60,60,60,60,60,60,30,30,30,30,30,30,30,30,30,30],"relic_stats":{"Centennial Puzzle":[15],"Dream Catcher":1,"counters":[16,87],"Golden Idol":80,"Bronze Scales":[309],"Snake Skull":[10],"Boot":[289],"obtain_stats":[{"Centennial Puzzle":14,"Dream Catcher":27,"Golden Idol":3,"Bronze Scales":9,"Enchiridion":31,"Snake Skull":12,"Boot":0,"Empty Cage":17,"InkBottle":20,"Ring of the Snake":0},{"Centennial Puzzle":8,"Dream Catcher":14,"Golden Idol":2,"Bronze Scales":4,"Enchiridion":15,"Snake Skull":6,"Boot":0,"Empty Cage":9,"InkBottle":11,"Ring of the Snake":0},{"Centennial Puzzle":28,"Dream Catcher":71,"Golden Idol":7,"Bronze Scales":15,"Enchiridion":76,"Snake Skull":23,"Boot":0,"Empty Cage":39,"InkBottle":50,"Ring of the Snake":0}],"InkBottle":[13],"Ring of the Snake":[32]},"card_choices":[{"not_picked":["Dodge and Roll","Bane"],"picked":"Riddle With Holes","floor":1},{"not_picked":["Outmaneuver","Catalyst","Distraction"],"picked":"SKIP","floor":2},{"not_picked":["Dodge and Roll","Catalyst"],"picked":"PiercingWail","floor":5},{"not_picked":["Quick Slash","Storm of Steel"],"picked":"Dagger Spray","floor":7},{"not_picked":["PiercingWail","Deadly Poison","Underhanded Strike"],"picked":"SKIP","floor":11},{"not_picked":["PiercingWail","Deadly Poison","Underhanded Strike"],"picked":"SKIP","floor":11},{"not_picked":["Cloak And Dagger","Flying Knee"],"picked":"Calculated Gamble","floor":12},{"not_picked":["Dodge and Roll","Outmaneuver","Quick Slash"],"picked":"SKIP","floor":13},{"not_picked":["Dodge and Roll","Distraction"],"picked":"Predator","floor":14},{"not_picked":["Night Terror","Phantasmal Killer"],"picked":"Malaise","floor":16},{"not_picked":["Dagger Spray","Masterful Stab","Eviscerate"],"picked":"SKIP","floor":18},{"not_picked":["Dagger Throw","Slice"],"picked":"Backstab","floor":19},{"not_picked":["Accuracy","Cloak And Dagger","Blur"],"picked":"SKIP","floor":21},{"not_picked":["Deflect","Prepared"],"picked":"Acrobatics","floor":22},{"not_picked":["Blur","Backstab+1"],"picked":"Eviscerate","floor":27},{"not_picked":["Distraction","Noxious Fumes","Acrobatics"],"picked":"SKIP","floor":29},{"not_picked":["Acrobatics","Slice"],"picked":"Outmaneuver","floor":32}],"player_experience":5985308,"relics_obtained":[{"floor":9,"key":"Bronze Scales"},{"floor":12,"key":"Snake Skull"},{"floor":14,"key":"Centennial Puzzle"},{"floor":27,"key":"Dream Catcher"},{"floor":31,"key":"Enchiridion"}],"event_choices":[{"damage_healed":0,"gold_gain":0,"player_choice":"Lose Max HP","damage_taken":0,"relics_obtained":["Golden Idol"],"max_hp_gain":0,"max_hp_loss":6,"event_name":"Golden Idol","floor":3,"gold_loss":0},{"cards_removed":["Strike_G"],"damage_healed":0,"gold_gain":0,"player_choice":"Offered Basic","damage_taken":0,"max_hp_gain":0,"max_hp_loss":0,"event_name":"Bonfire Elementals","floor":4,"gold_loss":0},{"damage_healed":0,"gold_gain":0,"player_choice":"Became a Ghost","damage_taken":0,"max_hp_gain":0,"max_hp_loss":30,"event_name":"Ghosts","floor":24,"gold_loss":0,"cards_obtained":["Ghostly","Ghostly","Ghostly"]},{"damage_healed":0,"gold_gain":0,"player_choice":"Obtained Book","damage_taken":21,"max_hp_gain":0,"max_hp_loss":0,"event_name":"Cursed Tome","floor":31,"gold_loss":0}],"is_beta":false,"boss_relics":[{"not_picked":["SacredBark","WristBlade"],"picked":"Empty Cage"}],"items_purged_floors":[10,30],"is_endless":false,"potions_floor_spawned":[11,12,14,16,19,22,27],"killed_by":"Champ","ascension_level":20}