{"gold_per_floor":[117,136,149,224,11,11,22,55,55,55,86,86,119,129,129,200,200,237,249,174,74,84,84,114,145,227,55,55,74,94,126,126,200,200,220,220,220,14,14,14,46,46,46,80,97,128,139,174,174,174,174,174,174,7,36,36],"floor_reached":56,"playtime":6083,"items_purged":["Injury","Strike_G","Strike_G"],"score":2167,"play_id":"67cd4281-cd0d-4835-b100-de208b910934","local_time":"20220113164302","is_ascension_mode":true,"campfire_choices":[{"data":"Dagger Spray","floor":6,"key":"SMITH"},{"floor":10,"key":"REST"},{"data":"Predator","floor":12,"key":"SMITH"},{"data":"Noxious Fumes","floor":15,"key":"SMITH"},{"floor":23,"key":"REST"},{"data":"Corpse Explosion","floor":28,"key":"SMITH"},{"data":"Survivor","floor":32,"key":"SMITH"},{"data":"Calculated Gamble","floor":40,"key":"SMITH"},{"data":"Madness","floor":42,"key":"SMITH"},{"floor":49,"key":"RECALL"},{"data":"Acrobatics","floor":53,"key":"SMITH"}],"neow_cost":"CURSE","seed_source_timestamp":445641786559400,"circlet_count":0,"master_deck":["AscendersBane","Defend_G","Defend_G","Defend_G","Defend_G","Defend_G","Survivor+1","Neutralize","Quick Slash","PiercingWail","Dagger Spray+1","Masterful Stab","Predator+1","Sucker Punch+1","Noxious Fumes+1","Corpse Explosion+1","Heel Hook+1","Outmaneuver+1","Dodge and Roll+1","Outmaneuver+1","After Image","Madness","Madness+1","Calculated Gamble+1","Dash+1","Blade Dance","Acrobatics+1","Backflip+1","Crippling Poison+1","PiercingWail"],"relics":["Ring of the Snake","TungstenRod","Orichalcum","Centennial Puzzle","Molten Egg 2","Snake Skull","Runic Pyramid","Letter Opener","Red Mask","Meat on the Bone","Art of War","Kunai","Empty Cage","Akabeko","Mango","Happy Flower","Oddly Smooth Stone","StoneCalendar","Medical Kit","Strawberry"],"potions_floor_usage":[8,13,16,18,18,18,35,55,56],"damage_taken":[{"damage":10,"enemies":"Cultist","floor":1,"turns":5},{"damage":0,"enemies":"2 Louse","floor":2,"turns":3},{"damage":0,"enemies":"Small Slimes","floor":3,"turns":5},{"damage":0,"enemies":"2 Fungi Beasts","floor":7,"turns":2},{"damage":23,"enemies":"Lagavulin","floor":8,"turns":7},{"damage":9,"enemies":"3 Sentries","floor":11,"turns":7},{"damage":17,"enemies":"Gremlin Nob","floor":13,"turns":4},{"damage":0,"enemies":"Blue Slaver","floor":14,"turns":4},{"damage":7,"enemies":"Hexaghost","floor":16,"turns":9},{"damage":5,"enemies":"Shell Parasite","floor":18,"turns":8},{"damage":9,"enemies":"2 Thieves","floor":19,"turns":4},{"damage":17,"enemies":"Centurion and Healer","floor":22,"turns":6},{"damage":12,"enemies":"Gremlin Leader","floor":24,"turns":6},{"damage":1,"enemies":"Masked Bandits","floor":25,"turns":3},{"damage":0,"enemies":"3 Cultists","floor":29,"turns":2},{"damage":6,"enemies":"Shelled Parasite and Fungi","floor":30,"turns":6},{"damage":11,"enemies":"Book of Stabbing","floor":31,"turns":6},{"damage":13,"enemies":"Champ","floor":33,"turns":14},{"damage":12,"enemies":"Orb Walker","floor":35,"turns":4},{"damage":6,"enemies":"Giant Head","floor":41,"turns":10},{"damage":18,"enemies":"Reptomancer","floor":44,"turns":6},{"damage":0,"enemies":"3 Darklings","floor":45,"turns":4},{"damage":0,"enemies":"Giant Head","floor":46,"turns":9},{"damage":0,"enemies":"Writhing Mass","floor":47,"turns":8},{"damage":0,"enemies":"Nemesis","floor":48,"turns":7},{"damage":16,"enemies":"Donu and Deca","floor":50,"turns":7},{"damage":10,"enemies":"Time Eater","floor":51,"turns":14},{"damage":37,"enemies":"Shield and Spear","floor":55,"turns":5},{"damage":54,"enemies":"The Heart","floor":56,"turns":4}],"seed_played":"-4368548320866496005","potions_obtained":[{"floor":7,"key":"Poison Potion"},{"floor":8,"key":"SmokeBomb"},{"floor":11,"key":"Weak Potion"},{"floor":13,"key":"ColorlessPotion"},{"floor":16,"key":"EntropicBrew"},{"floor":18,"key":"LiquidBronze"},{"floor":25,"key":"Strength Potion"},{"floor":29,"key":"PowerPotion"},{"floor":35,"key":"CultistPotion"},{"floor":41,"key":"CultistPotion"},{"floor":44,"key":"LiquidBronze"}],"is_trial":false,"path_per_floor":["M","M","M","?","$","R","M","E","T","R","E","R","E","M","R","B",null,"M","M","?","$","M","R","E","?","T","$","R","M","M","E","R","B",null,"M","?","?","$","?","R","E","R","T","E","M","E","M","E","R","B","B",null,"R","$","E","B"],"character_chosen":"THE_SILENT","items_purchased":["Strength Potion","Masterful Stab","Art of War","Calculated Gamble","Medical Kit"],"campfire_rested":2,"item_purchase_floors":[5,5,27,38,54],"current_hp_per_floor":[49,49,49,39,39,39,39,16,16,35,26,26,9,9,9,2,50,45,36,36,36,19,38,26,25,25,25,25,37,43,44,44,43,60,48,48,37,37,37,37,57,57,57,51,51,51,51,51,51,47,49,72,72,72,54,0],"gold":36,"neow_bonus":"ONE_RARE_RELIC","is_prod":false,"is_daily":false,"chose_seed":false,"campfire_upgraded":8,"win_rate":0,"timestamp":1642110182,"path_taken":["M","M","?","?","$","R","M","E","T","R","E","R","E","M","R","BOSS","M","M","?","$","M","R","E","?","T","$","R","M","M","E","R","BOSS","M","?","?","$","?","R","E","R","T","E","M","E","?","E","R","BOSS","BOSS","R","$","E","BOSS"],"build_version":"2020-12-22","purchased_purges":3,"victory":false,"max_hp_per_floor":[66,66,66,66,66,66,66,66,66,66,66,66,66,66,66,66,66,66,66,66,66,66,66,66,66,66,66,66,66,66,66,66,66,66,66,66,66,66,66,66,80,80,80,80,80,80,80,80,80,80,80,80,80,80,87,87],"relic_stats":{"Happy Flower":[19],"counters":[29,179],"StoneCalendar":[146],"Snake Skull":[146],"Letter Opener":[324],"Orichalcum":[258],"Medical Kit":[4],"Centennial Puzzle":[54],"Art of War":[31],"Kunai":[59],"obtain_stats":[{"Happy Flower":44,"Oddly Smooth Stone":46,"Mango":41,"StoneCalendar":48,"Snake Skull":13,"Letter Opener":24,"Orichalcum":8,"Empty Cage":34,"Medical Kit":54,"Akabeko":39,"Centennial Puzzle":9,"Strawberry":55,"Molten Egg 2":11,"Red Mask":25,"Art of War":27,"Kunai":31,"TungstenRod":0,"Ring of the Snake":0,"Runic Pyramid":17,"Meat on the Bone":26},{"Happy Flower":21,"Oddly Smooth Stone":23,"Mango":20,"StoneCalendar":25,"Snake Skull":7,"Letter Opener":13,"Orichalcum":5,"Empty Cage":18,"Medical Kit":27,"Akabeko":19,"Centennial Puzzle":5,"Strawberry":28,"Molten Egg 2":6,"Red Mask":14,"Art of War":14,"Kunai":17,"TungstenRod":0,"Ring of the Snake":0,"Runic Pyramid":9,"Meat on the Bone":14},{"Happy Flower":121,"Oddly Smooth Stone":134,"Mango":115,"StoneCalendar":149,"Snake Skull":33,"Letter Opener":70,"Orichalcum":22,"Empty Cage":101,"Medical Kit":170,"Akabeko":105,"Centennial Puzzle":22,"Strawberry":175,"Molten Egg 2":29,"Red Mask":73,"Art of War":73,"Kunai":87,"TungstenRod":0,"Ring of the Snake":0,"Runic Pyramid":46,"Meat on the Bone":73}],"TungstenRod":57,"Ring of the Snake":[58],"Meat on the Bone":108},"card_choices":[{"not_picked":["Setup","Well Laid Plans"],"picked":"Quick Slash","floor":1},{"not_picked":["Catalyst","Cloak And Dagger"],"picked":"PiercingWail","floor":2},{"not_picked":["Cloak And Dagger","Tactician"],"picked":"Dagger Spray","floor":3},{"not_picked":["Backflip","Dagger Spray"],"picked":"Predator","floor":7},{"not_picked":["Footwork","Poisoned Stab","Bane"],"picked":"SKIP","floor":8},{"not_picked":["Cloak And Dagger","Storm of Steel","Accuracy"],"picked":"SKIP","floor":11},{"not_picked":["Outmaneuver","Dagger Spray+1"],"picked":"Sucker Punch+1","floor":13},{"not_picked":["Dagger Throw+1","Concentrate"],"picked":"Noxious Fumes","floor":14},{"not_picked":["Doppelganger","Venomology"],"picked":"Corpse Explosion","floor":16},{"not_picked":["Blade Dance","Quick Slash+1"],"picked":"Heel Hook+1","floor":18},{"not_picked":["Choke+1","Bane+1","Accuracy"],"picked":"SKIP","floor":19},{"not_picked":["Choke+1","Bane+1","Accuracy"],"picked":"SKIP","floor":19},{"not_picked":["Infinite Blades","Calculated Gamble"],"picked":"Outmaneuver+1","floor":22},{"not_picked":["Skewer+1","Riddle With Holes+1","Sucker Punch+1"],"picked":"SKIP","floor":24},{"not_picked":["Expertise","Dagger Spray+1"],"picked":"Dodge and Roll+1","floor":25},{"not_picked":["Quick Slash+1","Dagger Throw+1","Underhanded Strike+1"],"picked":"SKIP","floor":29},{"not_picked":["Cloak And Dagger","Dagger Throw+1"],"picked":"Outmaneuver+1","floor":30},{"not_picked":["Bane+1","Wraith Form v2"],"picked":"Endless Agony+1","floor":31},{"not_picked":["Burst","Bullet Time"],"picked":"After Image","floor":33},{"not_picked":["Terror","Quick Slash+1","Prepared"],"picked":"SKIP","floor":35},{"not_picked":["Prepared","Deflect"],"picked":"Dash+1","floor":41},{"not_picked":["Deadly Poison","Dagger Spray+1"],"picked":"Blade Dance","floor":44},{"not_picked":["Sucker Punch+1","Endless Agony+1"],"picked":"Acrobatics","floor":45},{"not_picked":["Escape Plan","Cloak And Dagger"],"picked":"Backflip+1","floor":46},{"not_picked":["Dagger Spray+1","Riddle With Holes+1","Setup"],"picked":"SKIP","floor":47},{"not_picked":["Outmaneuver","Deflect"],"picked":"Crippling Poison+1","floor":48},{"not_picked":["Noxious Fumes","Deflect+1"],"picked":"PiercingWail","floor":55}],"player_experience":5927090,"relics_obtained":[{"floor":8,"key":"Orichalcum"},{"floor":9,"key":"Centennial Puzzle"},{"floor":11,"key":"Molten Egg 2"},{"floor":13,"key":"Snake Skull"},{"floor":24,"key":"Letter Opener"},{"floor":25,"key":"Red Mask"},{"floor":26,"key":"Meat on the Bone"},{"floor":31,"key":"Kunai"},{"floor":41,"key":"Mango"},{"floor":44,"key":"Happy Flower"},{"floor":46,"key":"Oddly Smooth Stone"},{"floor":48,"key":"StoneCalendar"},{"floor":55,"key":"Strawberry"}],"event_choices":[{"damage_healed":0,"gold_gain":75,"player_choice":"Gather Gold","damage_taken":11,"max_hp_gain":0,"max_hp_loss":0,"event_name":"World of Goop","floor":4,"gold_loss":0},{"cards_removed":["Strike_G"],"damage_healed":0,"gold_gain":0,"player_choice":"Gave Gold","damage_taken":0,"max_hp_gain":0,"max_hp_loss":0,"event_name":"Beggar","floor":20,"gold_loss":75},{"damage_healed":0,"gold_gain":0,"player_choice":"Fought Bandits","damage_taken":0,"max_hp_gain":0,"max_hp_loss":0,"event_name":"Masked Bandits","floor":25,"gold_loss":0},{"cards_removed":["Endless Agony"],"damage_healed":0,"gold_gain":0,"player_choice":"Removed Attack","damage_taken":0,"max_hp_gain":0,"max_hp_loss":0,"event_name":"Falling","floor":36,"gold_loss":0},{"damage_healed":0,"gold_gain":0,"player_choice":"Embrace Madness","damage_taken":12,"max_hp_gain":0,"max_hp_loss":0,"event_name":"Winding Halls","floor":37,"gold_loss":0,"cards_obtained":["Madness","Madness"]},{"damage_healed":0,"gold_gain":0,"player_choice":"Gave Potion","damage_taken":0,"relics_obtained":["Akabeko"],"max_hp_gain":0,"max_hp_loss":0,"event_name":"WeMeetAgain","floor":39,"gold_loss":0}],"is_beta":false,"boss_relics":[{"not_picked":["SacredBark","Tiny House"],"picked":"Runic Pyramid"},{"not_picked":["Pandora\u0027s Box","Calling Bell"],"picked":"Empty Cage"}],"items_purged_floors":[5,21,38],"is_endless":false,"potions_floor_spawned":[7,8,11,13,16,18,25,29,33,35,41,44,47,48],"killed_by":"The Heart","ascension_level":20}