{"gold_per_floor":[212,228,114,128,148,148,182,23,23,38,71,71,84,101,101,178,178,198,198,210,41,55,55,75,75,102,63,63,76,76,76,76,153,153,163,139,164,176,51,51,85,102,102,102,115,135,135,166,166,166,166,166,166,16,48,48],"floor_reached":57,"playtime":7740,"items_purged":["Strike_G","Strike_G","Strike_G","Parasite"],"score":2673,"play_id":"c55a7a06-46cd-4c6d-9479-4754e510e40c","local_time":"20220114163747","is_ascension_mode":true,"campfire_choices":[{"data":"Flechettes","floor":6,"key":"SMITH"},{"data":"Phantasmal Killer","floor":12,"key":"SMITH"},{"data":"Dagger Spray","floor":15,"key":"SMITH"},{"floor":23,"key":"REST"},{"data":"Malaise","floor":28,"key":"SMITH"},{"data":"Neutralize","floor":32,"key":"SMITH"},{"floor":40,"key":"RECALL"},{"data":"Deadly Poison","floor":44,"key":"SMITH"},{"data":"Calculated Gamble","floor":49,"key":"SMITH"},{"data":"Terror","floor":53,"key":"SMITH"}],"neow_cost":"NONE","seed_source_timestamp":530032354506399,"circlet_count":0,"master_deck":["AscendersBane","Strike_G","Strike_G","Defend_G","Defend_G","Defend_G","Defend_G","Defend_G","Neutralize+1","Flechettes+1","Backflip","Dash","Dagger Spray+1","Backflip","Blade Dance","Backflip","Phantasmal Killer+1","Backflip","Malaise+1","Backstab","Well Laid Plans+1","Acrobatics+1","Deflect","Escape Plan","Blade Dance+1","After Image+1","Calculated Gamble+1","Backflip","Deadly Poison+1","Cloak And Dagger+1","Deflect+1","Terror+1","Acrobatics+1","Escape Plan"],"relics":["Ring of the Serpent","Kunai","Pear","Frozen Egg 2","Happy Flower","Lantern","Pantograph","Cursed Key","TungstenRod","Ancient Tea Set","Boot","Ornamental Fan"],"potions_floor_usage":[7,11,16,23,24,33,41,55,56,56,56,56],"damage_taken":[{"damage":6,"enemies":"Cultist","floor":1,"turns":5},{"damage":0,"enemies":"2 Louse","floor":2,"turns":2},{"damage":0,"enemies":"Jaw Worm","floor":4,"turns":4},{"damage":8,"enemies":"Blue Slaver","floor":5,"turns":4},{"damage":10,"enemies":"3 Sentries","floor":7,"turns":8},{"damage":1,"enemies":"Exordium Thugs","floor":10,"turns":5},{"damage":8,"enemies":"Lagavulin","floor":11,"turns":7},{"damage":0,"enemies":"2 Fungi Beasts","floor":13,"turns":2},{"damage":0,"enemies":"Looter","floor":14,"turns":3},{"damage":24,"enemies":"The Guardian","floor":16,"turns":12},{"damage":5,"enemies":"Spheric Guardian","floor":18,"turns":3},{"damage":18,"enemies":"2 Thieves","floor":20,"turns":4},{"damage":17,"enemies":"Snake Plant","floor":22,"turns":5},{"damage":13,"enemies":"Sentry and Sphere","floor":24,"turns":5},{"damage":0,"enemies":"Snecko","floor":29,"turns":7},{"damage":8,"enemies":"Champ","floor":33,"turns":18},{"damage":0,"enemies":"Orb Walker","floor":35,"turns":4},{"damage":0,"enemies":"Mind Bloom Boss Battle","floor":37,"turns":7},{"damage":0,"enemies":"3 Darklings","floor":38,"turns":5},{"damage":0,"enemies":"Reptomancer","floor":41,"turns":7},{"damage":0,"enemies":"4 Shapes","floor":42,"turns":7},{"damage":0,"enemies":"Spire Growth","floor":45,"turns":5},{"damage":0,"enemies":"3 Darklings","floor":46,"turns":6},{"damage":0,"enemies":"Giant Head","floor":48,"turns":8},{"damage":5,"enemies":"Donu and Deca","floor":50,"turns":9},{"damage":23,"enemies":"Time Eater","floor":51,"turns":20},{"damage":39,"enemies":"Shield and Spear","floor":55,"turns":17},{"damage":10,"enemies":"The Heart","floor":56,"turns":13}],"seed_played":"8932100950961649946","potions_obtained":[{"floor":4,"key":"PowerPotion"},{"floor":5,"key":"DuplicationPotion"},{"floor":10,"key":"Fruit Juice"},{"floor":14,"key":"CultistPotion"},{"floor":22,"key":"ColorlessPotion"},{"floor":24,"key":"SneckoOil"},{"floor":29,"key":"Weak Potion"},{"floor":42,"key":"AttackPotion"},{"floor":45,"key":"Explosive Potion"},{"floor":46,"key":"FearPotion"},{"floor":48,"key":"GhostInAJar"},{"floor":55,"key":"EntropicBrew"}],"is_trial":false,"path_per_floor":["M","M","$","M","M","R","E","$","T","M","E","R","M","M","R","B",null,"M","?","M","$","M","R","M","?","T","$","R","M","$","T","R","B",null,"M","$","?","M","$","R","E","M","T","R","M","M","?","E","R","B","B",null,"R","$","E","B",null],"character_chosen":"THE_SILENT","items_purchased":["Dash","Blade Dance","Happy Flower","Escape Plan","Backflip"],"campfire_rested":1,"item_purchase_floors":[3,8,21,27,36],"current_hp_per_floor":[53,53,53,53,45,45,35,35,45,44,36,36,36,36,36,12,60,55,55,37,37,20,49,36,36,36,36,36,36,36,36,36,53,74,74,74,81,81,81,81,81,81,81,81,81,81,81,81,81,76,58,75,75,75,36,51],"gold":48,"neow_bonus":"HUNDRED_GOLD","is_prod":false,"is_daily":false,"chose_seed":false,"campfire_upgraded":8,"win_rate":0,"timestamp":1642196267,"path_taken":["M","M","$","M","M","R","E","$","T","M","E","R","M","M","R","BOSS","M","?","M","$","M","R","M","?","T","$","R","M","?","?","R","BOSS","M","$","?","M","$","R","E","M","T","R","M","M","?","E","R","BOSS","BOSS","R","$","E","BOSS"],"build_version":"2020-12-22","purchased_purges":4,"victory":true,"max_hp_per_floor":[66,66,66,66,66,66,66,66,76,76,76,76,76,76,76,76,76,76,76,76,76,76,81,81,81,81,81,81,81,81,81,81,81,81,81,81,81,81,81,81,81,81,81,81,81,81,81,81,81,81,81,81,81,78,78,78],"relic_stats":{"Happy Flower":[47],"counters":[28,202],"Ornamental Fan":[44],"Pantograph":62,"Kunai":[124],"Cursed Key":1,"Ancient Tea Set":[6],"Boot":[51],"obtain_stats":[{"Lantern":26,"Pear":9,"Happy Flower":21,"Frozen Egg 2":11,"Cursed Key":34,"Ancient Tea Set":41,"Boot":48,"Ornamental Fan":55,"Pantograph":31,"Kunai":7,"Ring of the Serpent":17,"TungstenRod":37,"Ring of the Snake":0},{"Lantern":14,"Pear":5,"Happy Flower":12,"Frozen Egg 2":7,"Cursed Key":16,"Ancient Tea Set":20,"Boot":24,"Ornamental Fan":27,"Pantograph":15,"Kunai":5,"Ring of the Serpent":10,"TungstenRod":18,"Ring of the Snake":0},{"Lantern":69,"Pear":23,"Happy Flower":59,"Frozen Egg 2":35,"Cursed Key":94,"Ancient Tea Set":117,"Boot":143,"Ornamental Fan":189,"Pantograph":76,"Kunai":23,"Ring of the Serpent":52,"TungstenRod":105,"Ring of the Snake":0}],"TungstenRod":32},"card_choices":[{"not_picked":["Quick Slash","Bane"],"picked":"Flechettes","floor":1},{"not_picked":["Deflect","Dodge and Roll"],"picked":"Backflip","floor":2},{"not_picked":["Dagger Throw","Deadly Poison"],"picked":"Dagger Spray","floor":4},{"not_picked":["Deflect","PiercingWail"],"picked":"Backflip","floor":5},{"not_picked":["Dagger Spray","Deadly Poison","Quick Slash"],"picked":"SKIP","floor":7},{"not_picked":["Skewer","Phantasmal Killer"],"picked":"Backflip","floor":10},{"not_picked":["Sucker Punch","Dagger Spray"],"picked":"Phantasmal Killer","floor":11},{"not_picked":["Riddle With Holes","Quick Slash","Finisher"],"picked":"SKIP","floor":13},{"not_picked":["Riddle With Holes","Quick Slash","Finisher"],"picked":"SKIP","floor":13},{"not_picked":["Prepared","Deadly Poison"],"picked":"Backflip","floor":14},{"not_picked":["Corpse Explosion","Doppelganger"],"picked":"Malaise","floor":16},{"not_picked":["Dagger Throw","Choke"],"picked":"Backstab","floor":18},{"not_picked":["Dagger Spray","Setup"],"picked":"Well Laid Plans+1","floor":20},{"not_picked":["Heel Hook","Terror"],"picked":"Acrobatics+1","floor":22},{"not_picked":["Backflip","Crippling Poison"],"picked":"Deflect","floor":24},{"not_picked":["Endless Agony","Quick Slash"],"picked":"Blade Dance+1","floor":29},{"not_picked":["Wraith Form v2+1","Unload"],"picked":"After Image+1","floor":33},{"not_picked":["Dagger Throw","Deadly Poison"],"picked":"Calculated Gamble","floor":35},{"not_picked":["Outmaneuver","Distraction"],"picked":"Deadly Poison","floor":38},{"not_picked":["Backstab","Die Die Die"],"picked":"Cloak And Dagger+1","floor":41},{"not_picked":["Skewer","Acrobatics"],"picked":"Deflect+1","floor":42},{"not_picked":["Deflect","PiercingWail"],"picked":"Terror","floor":45},{"not_picked":["Masterful Stab","Blade Dance"],"picked":"Acrobatics+1","floor":46},{"not_picked":["Glass Knife","Acrobatics+1","Flying Knee"],"picked":"SKIP","floor":48},{"not_picked":["Cloak And Dagger+1","All Out Attack"],"picked":"Escape Plan","floor":55}],"player_experience":5946249,"relics_obtained":[{"floor":7,"key":"Kunai"},{"floor":9,"key":"Pear"},{"floor":11,"key":"Frozen Egg 2"},{"floor":26,"key":"Lantern"},{"floor":31,"key":"Pantograph"},{"floor":37,"key":"TungstenRod"},{"floor":41,"key":"Ancient Tea Set"},{"floor":48,"key":"Boot"},{"floor":55,"key":"Ornamental Fan"}],"event_choices":[{"damage_healed":0,"gold_gain":0,"player_choice":"Ignored","damage_taken":0,"max_hp_gain":0,"max_hp_loss":0,"event_name":"The Mausoleum","floor":19,"gold_loss":0},{"damage_healed":0,"gold_gain":0,"player_choice":"Ignored","damage_taken":0,"max_hp_gain":0,"max_hp_loss":0,"event_name":"Vampires","floor":25,"gold_loss":0},{"damage_healed":0,"gold_gain":0,"player_choice":"Fight","damage_taken":0,"max_hp_gain":0,"max_hp_loss":0,"event_name":"MindBloom","floor":37,"gold_loss":0},{"cards_removed":["Survivor"],"damage_healed":0,"gold_gain":0,"player_choice":"Removed Skill","damage_taken":0,"max_hp_gain":0,"max_hp_loss":0,"event_name":"Falling","floor":47,"gold_loss":0}],"is_beta":false,"boss_relics":[{"not_picked":["Calling Bell","Tiny House"],"picked":"Ring of the Serpent"},{"not_picked":["Black Star","HoveringKite"],"picked":"Cursed Key"}],"items_purged_floors":[3,8,39,54],"is_endless":false,"potions_floor_spawned":[4,5,10,14,22,24,29,42,45,46,48,55],"ascension_level":20}