{"gold_per_floor":[12,23,34,34,54,92,107,146,146,146,166,6,41,53,65,175,187,217,229,254,266,301,332,375,387,425,481,153,192,192,207,207,305,305,323,122,122,1121,403,446,446,479,479,498,538,563,601,615,615,615,615,615,615,78,116,116],"floor_reached":57,"playtime":5825,"items_purged":["Strike_G","Strike_G","Strike_G","Injury"],"score":3125,"play_id":"cba1f271-6274-48f9-b2e7-1c75abffad23","local_time":"20220119152825","is_ascension_mode":true,"campfire_choices":[{"floor":10,"key":"REST"},{"data":"Apotheosis","floor":15,"key":"SMITH"},{"floor":32,"key":"REST"},{"floor":49,"key":"RECALL"},{"floor":53,"key":"REST"}],"neow_cost":"NO_GOLD","seed_source_timestamp":45410553180500,"circlet_count":0,"master_deck":["AscendersBane","Defend_G","Defend_G","Defend_G","Defend_G","Survivor","Neutralize","Apotheosis+1","Dagger Throw+1","All Out Attack","Calculated Gamble","Reflex","Dash+1","Acrobatics","Calculated Gamble","Adrenaline","Eviscerate+1","Dagger Throw+1","Accuracy+1","Deflect+1","Prepared","Blade Dance","Tools of the Trade","Bandage Up","PiercingWail","Malaise","Blade Dance","Impatience","Madness","Madness","Blade Dance","Expertise","Accuracy+1","Well Laid Plans+1","Cloak And Dagger+1","Terror","Acrobatics+1","Magnetism","Wraith Form v2"],"relics":["Ring of the Snake","Golden Idol","Blue Candle","StrikeDummy","Blood Vial","Lee\u0027s Waffle","MawBank","Astrolabe","GremlinMask","Kunai","Omamori","Art of War","Bag of Preparation","Bottled Lightning","Cursed Key","Letter Opener","Ancient Tea Set","HornCleat","Meat on the Bone","The Courier","Bottled Tornado","OrangePellets","Oddly Smooth Stone","Whetstone"],"potions_floor_usage":[6,8,16,22,22,27,56],"damage_taken":[{"damage":0,"enemies":"2 Louse","floor":1,"turns":3},{"damage":0,"enemies":"Cultist","floor":2,"turns":4},{"damage":1,"enemies":"Jaw Worm","floor":3,"turns":3},{"damage":0,"enemies":"2 Fungi Beasts","floor":5,"turns":5},{"damage":14,"enemies":"3 Sentries","floor":6,"turns":8},{"damage":0,"enemies":"Blue Slaver","floor":7,"turns":4},{"damage":42,"enemies":"Gremlin Nob","floor":8,"turns":5},{"damage":5,"enemies":"3 Louse","floor":11,"turns":3},{"damage":0,"enemies":"Lagavulin","floor":13,"turns":6},{"damage":4,"enemies":"The Guardian","floor":16,"turns":13},{"damage":5,"enemies":"Shell Parasite","floor":18,"turns":8},{"damage":0,"enemies":"Spheric Guardian","floor":20,"turns":3},{"damage":2,"enemies":"Snake Plant","floor":22,"turns":5},{"damage":13,"enemies":"Cultist and Chosen","floor":23,"turns":7},{"damage":3,"enemies":"Gremlin Leader","floor":24,"turns":8},{"damage":1,"enemies":"Book of Stabbing","floor":27,"turns":5},{"damage":16,"enemies":"Slavers","floor":29,"turns":4},{"damage":4,"enemies":"Snecko","floor":31,"turns":6},{"damage":44,"enemies":"Collector","floor":33,"turns":12},{"damage":1,"enemies":"3 Darklings","floor":35,"turns":4},{"damage":0,"enemies":"Nemesis","floor":40,"turns":3},{"damage":1,"enemies":"Reptomancer","floor":42,"turns":4},{"damage":10,"enemies":"Orb Walker","floor":44,"turns":4},{"damage":1,"enemies":"Nemesis","floor":45,"turns":5},{"damage":2,"enemies":"Transient","floor":46,"turns":6},{"damage":2,"enemies":"Giant Head","floor":47,"turns":3},{"damage":0,"enemies":"3 Darklings","floor":48,"turns":3},{"damage":7,"enemies":"Time Eater","floor":50,"turns":11},{"damage":17,"enemies":"Awakened One","floor":51,"turns":10},{"damage":3,"enemies":"Shield and Spear","floor":55,"turns":4},{"damage":20,"enemies":"The Heart","floor":56,"turns":8}],"seed_played":"1158364911324955236","potions_obtained":[{"floor":2,"key":"DuplicationPotion"},{"floor":5,"key":"Explosive Potion"},{"floor":11,"key":"DuplicationPotion"},{"floor":13,"key":"EntropicBrew"},{"floor":20,"key":"Swift Potion"},{"floor":27,"key":"Weak Potion"},{"floor":29,"key":"Weak Potion"},{"floor":47,"key":"DuplicationPotion"}],"is_trial":false,"path_per_floor":["M","M","M","?","M","E","M","E","T","R","M","$","E","?","R","B",null,"M","$","M","?","M","M","E","?","T","E","$","E","?","M","R","B",null,"M","$","?","?","$","E","?","E","T","M","E","M","E","M","R","B","B",null,"R","$","E","B",null],"character_chosen":"THE_SILENT","items_purchased":["Lee\u0027s Waffle","Bag of Preparation","Bandage Up","Impatience","Blade Dance","Letter Opener","Ancient Tea Set","Expertise","OrangePellets","Oddly Smooth Stone","Magnetism"],"campfire_rested":3,"item_purchase_floors":[12,28,28,36,39,39,39,39,54,54,54],"current_hp_per_floor":[59,59,58,58,58,44,44,2,2,20,17,67,67,67,67,63,66,62,62,64,64,64,53,52,52,52,53,53,45,45,49,67,29,58,65,65,53,53,53,61,61,67,67,57,64,66,67,67,67,64,55,64,67,67,67,53],"gold":116,"neow_bonus":"RANDOM_COLORLESS_2","is_prod":false,"is_daily":false,"chose_seed":false,"campfire_upgraded":1,"win_rate":0,"timestamp":1642624105,"path_taken":["M","M","M","?","M","E","M","E","T","R","M","$","E","?","R","BOSS","M","?","M","?","M","?","E","?","T","E","$","E","?","M","R","BOSS","M","$","?","?","$","E","?","E","T","M","E","M","E","M","R","BOSS","BOSS","R","$","E","BOSS"],"build_version":"2020-12-22","purchased_purges":4,"victory":true,"max_hp_per_floor":[66,66,66,60,60,60,60,60,60,60,60,67,67,67,67,67,67,67,67,67,67,67,67,67,67,67,67,67,67,67,67,67,67,67,67,67,67,67,67,67,67,67,67,67,67,67,67,67,67,67,67,67,67,67,67,67],"relic_stats":{"Lee\u0027s Waffle":50,"counters":[31,177],"Golden Idol":230,"Blue Candle":[6],"Astrolabe":["Eviscerate","Dagger Throw","Accuracy"],"The Courier":134,"Omamori":2,"Bag of Preparation":[30],"Letter Opener":[425],"Whetstone":["Dash","Dagger Throw"],"Bottled Tornado":"Well Laid Plans","MawBank":180,"Cursed Key":1,"Ancient Tea Set":[4],"Blood Vial":30,"OrangePellets":[7],"Art of War":[7],"Kunai":[125],"Bottled Lightning":"Apotheosis","obtain_stats":[{"Lee\u0027s Waffle":12,"Golden Idol":4,"Blue Candle":6,"Astrolabe":17,"Oddly Smooth Stone":54,"GremlinMask":21,"The Courier":45,"Omamori":26,"Bag of Preparation":28,"Letter Opener":39,"Whetstone":55,"Bottled Tornado":47,"MawBank":13,"Cursed Key":34,"Ancient Tea Set":39,"Blood Vial":9,"OrangePellets":54,"HornCleat":40,"Art of War":27,"Kunai":24,"Bottled Lightning":29,"StrikeDummy":8,"Ring of the Snake":0,"Meat on the Bone":42},{"Lee\u0027s Waffle":8,"Golden Idol":3,"Blue Candle":5,"Astrolabe":10,"Oddly Smooth Stone":29,"GremlinMask":12,"The Courier":24,"Omamori":15,"Bag of Preparation":16,"Letter Opener":20,"Whetstone":30,"Bottled Tornado":26,"MawBank":9,"Cursed Key":19,"Ancient Tea Set":20,"Blood Vial":7,"OrangePellets":29,"HornCleat":21,"Art of War":16,"Kunai":15,"Bottled Lightning":17,"StrikeDummy":7,"Ring of the Snake":0,"Meat on the Bone":22},{"Lee\u0027s Waffle":35,"Golden Idol":10,"Blue Candle":23,"Astrolabe":54,"Oddly Smooth Stone":165,"GremlinMask":65,"The Courier":132,"Omamori":85,"Bag of Preparation":90,"Letter Opener":116,"Whetstone":169,"Bottled Tornado":141,"MawBank":41,"Cursed Key":112,"Ancient Tea Set":116,"Blood Vial":32,"OrangePellets":165,"HornCleat":119,"Art of War":90,"Kunai":85,"Bottled Lightning":94,"StrikeDummy":32,"Ring of the Snake":0,"Meat on the Bone":123}],"Ring of the Snake":[62],"Meat on the Bone":0},"card_choices":[{"not_picked":["Chrysalis","Secret Weapon"],"picked":"Apotheosis","floor":0},{"not_picked":["Sucker Punch","Riddle With Holes"],"picked":"Dagger Throw","floor":1},{"not_picked":["Prepared","Slice"],"picked":"All Out Attack","floor":2},{"not_picked":["Poisoned Stab","Cloak And Dagger"],"picked":"Calculated Gamble","floor":3},{"not_picked":["Calculated Gamble","Slice","Flechettes"],"picked":"SKIP","floor":5},{"not_picked":["Calculated Gamble","Sucker Punch"],"picked":"Reflex","floor":6},{"not_picked":["Endless Agony","Dodge and Roll"],"picked":"Dash","floor":7},{"not_picked":["Bouncing Flask","Leg Sweep","Endless Agony"],"picked":"SKIP","floor":8},{"not_picked":["Distraction","Flechettes"],"picked":"Acrobatics","floor":11},{"not_picked":["Predator","Poisoned Stab"],"picked":"Calculated Gamble","floor":13},{"not_picked":["Tools of the Trade","Malaise"],"picked":"Adrenaline","floor":16},{"not_picked":["Bane","Predator","Dodge and Roll"],"picked":"SKIP","floor":18},{"not_picked":["Bane","Predator","Dodge and Roll"],"picked":"SKIP","floor":18},{"not_picked":["Flying Knee","Backstab"],"picked":"Deflect+1","floor":20},{"not_picked":["Catalyst","Backflip","Deflect"],"picked":"SKIP","floor":22},{"not_picked":["Deflect","Blade Dance"],"picked":"Prepared","floor":23},{"not_picked":["Deflect","Dash"],"picked":"Blade Dance","floor":24},{"not_picked":["Dagger Throw","Riddle With Holes"],"picked":"Tools of the Trade","floor":27},{"not_picked":["Setup","Distraction","Quick Slash+1"],"picked":"SKIP","floor":29},{"not_picked":["Setup","Distraction","Quick Slash+1"],"picked":"SKIP","floor":29},{"not_picked":["Predator","Prepared"],"picked":"PiercingWail","floor":31},{"not_picked":["Wraith Form v2","Tools of the Trade"],"picked":"Malaise","floor":33},{"not_picked":["Masterful Stab","Outmaneuver"],"picked":"Blade Dance","floor":35},{"not_picked":["Sucker Punch","Deflect","Bane"],"picked":"SKIP","floor":40},{"not_picked":["Slice","Underhanded Strike"],"picked":"Well Laid Plans+1","floor":42},{"not_picked":["Bouncing Flask","Footwork"],"picked":"Cloak And Dagger+1","floor":44},{"not_picked":["Outmaneuver+1","Flechettes"],"picked":"Terror","floor":45},{"not_picked":["Flying Knee","Catalyst+1","Dagger Spray+1"],"picked":"SKIP","floor":46},{"not_picked":["Accuracy+1","Masterful Stab"],"picked":"Acrobatics+1","floor":47},{"not_picked":["Acrobatics+1","Setup+1","Bouncing Flask"],"picked":"SKIP","floor":48},{"not_picked":["Deadly Poison","Dash"],"picked":"Wraith Form v2","floor":55}],"player_experience":5988337,"relics_obtained":[{"floor":6,"key":"Blue Candle"},{"floor":8,"key":"StrikeDummy"},{"floor":9,"key":"Blood Vial"},{"floor":13,"key":"MawBank"},{"floor":24,"key":"Kunai"},{"floor":26,"key":"Omamori"},{"floor":27,"key":"Art of War"},{"floor":29,"key":"Bottled Lightning"},{"floor":40,"key":"HornCleat"},{"floor":42,"key":"Meat on the Bone"},{"floor":45,"key":"The Courier"},{"floor":47,"key":"Bottled Tornado"},{"floor":55,"key":"Whetstone"}],"event_choices":[{"damage_healed":0,"gold_gain":0,"player_choice":"Lose Max HP","damage_taken":0,"relics_obtained":["Golden Idol"],"max_hp_gain":0,"max_hp_loss":6,"event_name":"Golden Idol","floor":4,"gold_loss":0},{"damage_healed":0,"gold_gain":0,"player_choice":"0 cards matched","damage_taken":0,"max_hp_gain":0,"max_hp_loss":0,"event_name":"Match and Keep!","floor":14,"gold_loss":0,"cards_obtained":[]},{"damage_healed":0,"gold_gain":0,"player_choice":"Trade","damage_taken":0,"relics_obtained":["GremlinMask"],"max_hp_gain":0,"max_hp_loss":0,"event_name":"FaceTrader","floor":21,"gold_loss":0},{"damage_healed":0,"gold_gain":0,"player_choice":"Ignored","damage_taken":0,"max_hp_gain":0,"max_hp_loss":0,"event_name":"The Mausoleum","floor":25,"gold_loss":0},{"damage_healed":0,"gold_gain":0,"player_choice":"Ignored","damage_taken":0,"max_hp_gain":0,"max_hp_loss":0,"event_name":"Ghosts","floor":30,"gold_loss":0},{"damage_healed":0,"gold_gain":0,"player_choice":"Embrace Madness","damage_taken":12,"max_hp_gain":0,"max_hp_loss":0,"event_name":"Winding Halls","floor":37,"gold_loss":0,"cards_obtained":["Madness","Madness"]},{"damage_healed":0,"gold_gain":999,"player_choice":"Gold","damage_taken":0,"max_hp_gain":0,"max_hp_loss":0,"event_name":"MindBloom","floor":38,"gold_loss":0,"cards_obtained":["Normality","Normality"]},{"damage_healed":0,"gold_gain":0,"player_choice":"Copied","damage_taken":0,"max_hp_gain":0,"max_hp_loss":0,"event_name":"Duplicator","floor":41,"gold_loss":0,"cards_obtained":["Accuracy"]}],"is_beta":false,"boss_relics":[{"not_picked":["Snecko Eye","Tiny House"],"picked":"Astrolabe"},{"not_picked":["Empty Cage","Runic Dome"],"picked":"Cursed Key"}],"items_purged_floors":[28,36,39,54],"is_endless":false,"potions_floor_spawned":[2,5,11,13,20,27,29,31,33,42,44,46,47,48,55],"ascension_level":20}