{"gold_per_floor":[116,136,211,42,54,79,79,112,138,150,150,150,168,194,194,268,268,279,279,49,63,78,110,110,136,202,214,243,255,298,84,84,156,156,168,185,198,198,198,228,228,260,307,307,122,139,154,182,182,182,182,182,182,50,81,81],"floor_reached":57,"playtime":5485,"items_purged":["Sucker Punch","Cloak And Dagger","Endless Agony+1","Blade Dance+1"],"score":3136,"play_id":"2494a155-d286-4bd1-9c38-4b83f50d5b26","local_time":"20220120161937","is_ascension_mode":true,"campfire_choices":[{"data":"Dagger Spray","floor":12,"key":"SMITH"},{"data":"Blade Dance","floor":15,"key":"SMITH"},{"data":"Phantasmal Killer","floor":24,"key":"SMITH"},{"data":"Tactician","floor":27,"key":"SMITH"},{"floor":29,"key":"REST"},{"data":"Well Laid Plans","floor":32,"key":"SMITH"},{"floor":41,"key":"RECALL"},{"data":"Acrobatics","floor":49,"key":"SMITH"},{"data":"Backflip","floor":53,"key":"SMITH"}],"neow_cost":"NONE","seed_source_timestamp":135225434341399,"circlet_count":0,"master_deck":["AscendersBane","Survivor+1","Neutralize+1","Dash+1","Calculated Gamble+1","Dagger Spray+1","Endless Agony+1","Leg Sweep+1","PiercingWail+1","Tools of the Trade+1","Endless Agony+1","Grand Finale+1","Eviscerate+1","Phantasmal Killer+1","Quick Slash+1","Corpse Explosion+1","Terror+1","Well Laid Plans+1","Escape Plan+1","Tactician+1","Dagger Throw+1","Backflip+1","Finisher+1","Doppelganger+1","Adrenaline+1","Acrobatics+1","Backflip+1","Well Laid Plans+1","PiercingWail","Crippling Poison+1"],"relics":["Ring of the Snake","Pen Nib","Vajra","Smiling Mask","Lantern","Akabeko","Dream Catcher","Pandora\u0027s Box","Membership Card","Whetstone","MawBank","Art of War","Paper Crane","Bag of Marbles","Philosopher\u0027s Stone","PreservedInsect","Bag of Preparation","Mark of the Bloom","Potion Belt","Mummified Hand","Anchor"],"potions_floor_usage":[6,8,16,16,36,46,56,56,56,56],"damage_taken":[{"damage":0,"enemies":"Small Slimes","floor":1,"turns":4},{"damage":0,"enemies":"2 Louse","floor":2,"turns":3},{"damage":0,"enemies":"Jaw Worm","floor":5,"turns":3},{"damage":2,"enemies":"3 Sentries","floor":6,"turns":5},{"damage":29,"enemies":"Lagavulin","floor":8,"turns":7},{"damage":0,"enemies":"3 Louse","floor":10,"turns":3},{"damage":0,"enemies":"2 Fungi Beasts","floor":13,"turns":4},{"damage":0,"enemies":"3 Sentries","floor":14,"turns":2},{"damage":8,"enemies":"Hexaghost","floor":16,"turns":9},{"damage":0,"enemies":"Spheric Guardian","floor":18,"turns":1},{"damage":5,"enemies":"2 Thieves","floor":21,"turns":2},{"damage":0,"enemies":"Snecko","floor":22,"turns":2},{"damage":18,"enemies":"Gremlin Leader","floor":23,"turns":3},{"damage":9,"enemies":"Book of Stabbing","floor":25,"turns":4},{"damage":0,"enemies":"3 Cultists","floor":28,"turns":3},{"damage":0,"enemies":"Slavers","floor":30,"turns":2},{"damage":8,"enemies":"Collector","floor":33,"turns":3},{"damage":0,"enemies":"3 Darklings","floor":35,"turns":1},{"damage":0,"enemies":"3 Shapes","floor":36,"turns":6},{"damage":0,"enemies":"Transient","floor":37,"turns":5},{"damage":0,"enemies":"Giant Head","floor":40,"turns":3},{"damage":3,"enemies":"Reptomancer","floor":42,"turns":3},{"damage":0,"enemies":"Maw","floor":46,"turns":3},{"damage":0,"enemies":"Writhing Mass","floor":47,"turns":2},{"damage":0,"enemies":"Nemesis","floor":48,"turns":1},{"damage":0,"enemies":"Donu and Deca","floor":50,"turns":2},{"damage":10,"enemies":"Time Eater","floor":51,"turns":5},{"damage":1,"enemies":"Shield and Spear","floor":55,"turns":2},{"damage":30,"enemies":"The Heart","floor":56,"turns":8}],"seed_played":"-2703242121228842396","potions_obtained":[{"floor":1,"key":"SkillPotion"},{"floor":5,"key":"SteroidPotion"},{"floor":13,"key":"Fire Potion"},{"floor":14,"key":"DuplicationPotion"},{"floor":18,"key":"SmokeBomb"},{"floor":22,"key":"Regen Potion"},{"floor":28,"key":"EssenceOfSteel"},{"floor":30,"key":"Fire Potion"},{"floor":40,"key":"Regen Potion"},{"floor":42,"key":"SpeedPotion"},{"floor":47,"key":"Explosive Potion"},{"floor":48,"key":"SteroidPotion"}],"is_trial":false,"path_per_floor":["M","M","?","$","M","E","?","E","T","M","?","R","M","E","R","B",null,"M","?","$","M","M","E","R","E","T","R","M","R","E","$","R","B",null,"M","M","M","?","?","E","R","E","T","?","$","M","M","E","R","B","B",null,"R","$","E","B",null],"character_chosen":"THE_SILENT","items_purchased":["Vajra","Membership Card","Tactician","Doppelganger","Bag of Marbles","Potion Belt","PowerPotion","Acrobatics","SpeedPotion","PiercingWail","Strength Potion"],"campfire_rested":1,"item_purchase_floors":[4,20,20,31,31,45,45,45,54,54,54],"current_hp_per_floor":[59,59,48,48,48,46,46,17,17,17,17,17,17,17,17,9,52,52,52,52,47,47,29,29,20,20,20,20,39,39,39,39,31,57,57,66,66,66,56,56,56,53,53,53,53,53,53,53,53,53,43,43,43,43,42,12],"gold":81,"neow_bonus":"RANDOM_COMMON_RELIC","is_prod":false,"is_daily":false,"chose_seed":false,"campfire_upgraded":7,"win_rate":0,"timestamp":1642713577,"path_taken":["M","M","?","$","M","E","?","E","T","M","?","R","M","E","R","BOSS","M","?","$","M","M","E","R","E","T","R","M","R","E","$","R","BOSS","M","M","M","?","?","E","R","E","T","?","$","M","M","E","R","BOSS","BOSS","R","$","E","BOSS"],"build_version":"2020-12-22","purchased_purges":4,"victory":true,"max_hp_per_floor":[66,66,66,66,66,66,66,66,66,66,66,66,66,66,66,66,66,66,66,66,66,66,66,66,66,66,66,66,66,66,66,66,66,66,66,66,66,66,66,66,66,66,66,66,66,66,66,66,66,66,66,66,66,66,66,66],"relic_stats":{"Mark of the Bloom":26,"counters":[29,101],"Pen Nib":[31],"PreservedInsect":198,"Bag of Preparation":[16],"Whetstone":["Dagger Throw","Neutralize"],"Smiling Mask":26,"MawBank":72,"Dream Catcher":1,"Mummified Hand":[13],"Pandora\u0027s Box":["Endless Agony","Sucker Punch","Grand Finale","Cloak And Dagger","Eviscerate","Phantasmal Killer","Quick Slash","Corpse Explosion","Terror","Well Laid Plans"],"Art of War":[5],"Membership Card":631,"obtain_stats":[{"Potion Belt":45,"Lantern":8,"Mark of the Bloom":44,"Vajra":4,"Pen Nib":0,"PreservedInsect":40,"Bag of Preparation":42,"Whetstone":23,"Paper Crane":30,"Smiling Mask":6,"MawBank":25,"Akabeko":9,"Dream Catcher":14,"Anchor":55,"Mummified Hand":48,"Pandora\u0027s Box":17,"Philosopher\u0027s Stone":34,"Art of War":26,"Bag of Marbles":31,"Membership Card":20,"Ring of the Snake":0},{"Potion Belt":22,"Lantern":5,"Mark of the Bloom":22,"Vajra":2,"Pen Nib":0,"PreservedInsect":21,"Bag of Preparation":22,"Whetstone":13,"Paper Crane":16,"Smiling Mask":4,"MawBank":14,"Akabeko":5,"Dream Catcher":8,"Anchor":28,"Mummified Hand":25,"Pandora\u0027s Box":9,"Philosopher\u0027s Stone":17,"Art of War":14,"Bag of Marbles":16,"Membership Card":10,"Ring of the Snake":0},{"Potion Belt":78,"Lantern":22,"Mark of the Bloom":78,"Vajra":7,"Pen Nib":0,"PreservedInsect":75,"Bag of Preparation":78,"Whetstone":48,"Paper Crane":57,"Smiling Mask":15,"MawBank":52,"Akabeko":22,"Dream Catcher":31,"Anchor":93,"Mummified Hand":84,"Pandora\u0027s Box":40,"Philosopher\u0027s Stone":60,"Art of War":52,"Bag of Marbles":57,"Membership Card":41,"Ring of the Snake":0}],"Ring of the Snake":[65]},"card_choices":[{"not_picked":["Eviscerate","PiercingWail"],"picked":"Dash","floor":1},{"not_picked":["Flechettes","Quick Slash"],"picked":"Calculated Gamble","floor":2},{"not_picked":["Underhanded Strike","Flying Knee"],"picked":"Dagger Spray","floor":5},{"not_picked":["Acrobatics","Slice"],"picked":"Endless Agony","floor":6},{"not_picked":["Accuracy","Infinite Blades"],"picked":"Leg Sweep","floor":8},{"not_picked":["Backflip","Bane"],"picked":"Endless Agony","floor":10},{"not_picked":["Blur","Backstab"],"picked":"PiercingWail","floor":13},{"not_picked":["Slice","Malaise"],"picked":"Blade Dance","floor":14},{"not_picked":["Envenom","Unload"],"picked":"Tools of the Trade","floor":16},{"not_picked":["Deflect","Dagger Spray"],"picked":"Escape Plan","floor":18},{"not_picked":["Backstab","Outmaneuver"],"picked":"Dagger Throw","floor":21},{"not_picked":["Outmaneuver","Dash","Deflect"],"picked":"SKIP","floor":22},{"not_picked":["Outmaneuver","Dash","Deflect"],"picked":"SKIP","floor":22},{"not_picked":["Phantasmal Killer","Prepared","All Out Attack+1"],"picked":"SKIP","floor":23},{"not_picked":["Outmaneuver+1","Poisoned Stab"],"picked":"Backflip","floor":25},{"not_picked":["Heel Hook","Backflip","Backstab"],"picked":"SKIP","floor":28},{"not_picked":["Deflect","Deadly Poison+1"],"picked":"Finisher+1","floor":29},{"not_picked":["Bouncing Flask+1","Sucker Punch","Prepared"],"picked":"SKIP","floor":30},{"not_picked":["Malaise","Venomology"],"picked":"Adrenaline","floor":33},{"not_picked":["Deflect","Eviscerate","Bouncing Flask"],"picked":"SKIP","floor":35},{"not_picked":["Deflect","Eviscerate","Bouncing Flask"],"picked":"SKIP","floor":35},{"not_picked":["Skewer","Prepared","Sucker Punch"],"picked":"SKIP","floor":36},{"not_picked":["Dagger Spray+1","Infinite Blades","Cloak And Dagger"],"picked":"SKIP","floor":37},{"not_picked":["Blade Dance","Slice","Infinite Blades"],"picked":"SKIP","floor":40},{"not_picked":["Noxious Fumes+1","Deadly Poison+1","Flechettes"],"picked":"SKIP","floor":42},{"not_picked":["Riddle With Holes","Quick Slash+1"],"picked":"Backflip","floor":46},{"not_picked":["Masterful Stab","Quick Slash","Flying Knee"],"picked":"SKIP","floor":47},{"not_picked":["Bane","Escape Plan"],"picked":"Well Laid Plans+1","floor":48},{"not_picked":["Leg Sweep","Blade Dance"],"picked":"Crippling Poison+1","floor":55}],"player_experience":6014100,"relics_obtained":[{"floor":6,"key":"Smiling Mask"},{"floor":8,"key":"Lantern"},{"floor":9,"key":"Akabeko"},{"floor":14,"key":"Dream Catcher"},{"floor":23,"key":"Whetstone"},{"floor":25,"key":"MawBank"},{"floor":26,"key":"Art of War"},{"floor":30,"key":"Paper Crane"},{"floor":40,"key":"PreservedInsect"},{"floor":42,"key":"Bag of Preparation"},{"floor":48,"key":"Mummified Hand"},{"floor":55,"key":"Anchor"}],"event_choices":[{"damage_healed":0,"gold_gain":75,"player_choice":"Gather Gold","damage_taken":11,"max_hp_gain":0,"max_hp_loss":0,"event_name":"World of Goop","floor":3,"gold_loss":0},{"damage_healed":0,"gold_gain":0,"player_choice":"Ignored","damage_taken":0,"max_hp_gain":0,"max_hp_loss":0,"event_name":"Liars Game","floor":7,"gold_loss":0},{"damage_healed":0,"gold_gain":0,"player_choice":"Ignored","damage_taken":0,"max_hp_gain":0,"max_hp_loss":0,"event_name":"Shining Light","floor":11,"gold_loss":0},{"damage_healed":0,"gold_gain":0,"player_choice":"Ignored","damage_taken":0,"max_hp_gain":0,"max_hp_loss":0,"event_name":"Vampires","floor":19,"gold_loss":0},{"damage_healed":0,"gold_gain":0,"player_choice":"Ignored","damage_taken":0,"max_hp_gain":0,"max_hp_loss":0,"event_name":"Tomb of Lord Red Mask","floor":38,"gold_loss":0},{"damage_healed":0,"gold_gain":0,"player_choice":"Memory 3","damage_taken":10,"max_hp_gain":0,"max_hp_loss":0,"event_name":"SensoryStone","floor":39,"gold_loss":0},{"damage_healed":0,"gold_gain":0,"player_choice":"Upgrade","damage_taken":0,"relics_obtained":["Mark of the Bloom"],"max_hp_gain":0,"max_hp_loss":0,"event_name":"MindBloom","floor":44,"gold_loss":0,"cards_upgraded":["Survivor","Dash","Calculated Gamble","Endless Agony","Leg Sweep","Endless Agony","PiercingWail","Tools of the Trade","Endless Agony","Grand Finale","Eviscerate","Quick Slash","Corpse Explosion","Terror","Escape Plan","Backflip","Doppelganger","Adrenaline"]}],"is_beta":false,"boss_relics":[{"not_picked":["Runic Dome","Ectoplasm"],"picked":"Pandora\u0027s Box"},{"not_picked":["Tiny House","Astrolabe"],"picked":"Philosopher\u0027s Stone"}],"items_purged_floors":[20,31,45,54],"is_endless":false,"potions_floor_spawned":[1,5,13,14,18,22,28,30,33,40,42,47,48],"ascension_level":20}