{"gold_per_floor":[11,22,38,49,49,49,66,82,82,96,96,19,19,52,52,126,126,141,22,72,90,46,46],"floor_reached":23,"playtime":3391,"items_purged":["Strike_G"],"score":386,"play_id":"ef2d3808-f056-4f36-bb70-153385085da9","local_time":"20220120144553","is_ascension_mode":true,"campfire_choices":[{"floor":6,"key":"REST"},{"data":"Noxious Fumes","floor":13,"key":"SMITH"},{"floor":15,"key":"REST"}],"neow_cost":"NO_GOLD","seed_source_timestamp":131719708279499,"circlet_count":0,"master_deck":["AscendersBane","Strike_G","Strike_G","Strike_G","Defend_G","Defend_G","Defend_G","Defend_G","Survivor","Neutralize","Dagger Throw","Noxious Fumes+1","Terror","Dagger Spray","Leg Sweep","Footwork","Deflect","Venomology","Blade Dance+1","Footwork","Dodge and Roll","Noxious Fumes"],"relics":["Ring of the Snake","WarpedTongs","Tingsha","Bottled Tornado","Philosopher\u0027s Stone"],"potions_floor_usage":[4,4,14,16,16,21,21,21,23,23],"damage_taken":[{"damage":27,"enemies":"Jaw Worm","floor":1,"turns":9},{"damage":0,"enemies":"Cultist","floor":2,"turns":3},{"damage":2,"enemies":"Small Slimes","floor":3,"turns":3},{"damage":18,"enemies":"Exordium Thugs","floor":4,"turns":8},{"damage":12,"enemies":"3 Louse","floor":7,"turns":5},{"damage":0,"enemies":"2 Fungi Beasts","floor":8,"turns":3},{"damage":9,"enemies":"Blue Slaver","floor":10,"turns":3},{"damage":3,"enemies":"3 Sentries","floor":14,"turns":5},{"damage":30,"enemies":"Slime Boss","floor":16,"turns":11},{"damage":12,"enemies":"Shell Parasite","floor":18,"turns":6},{"damage":12,"enemies":"Spheric Guardian","floor":21,"turns":5},{"damage":31,"enemies":"Slavers","floor":23,"turns":2}],"seed_played":"1909224329052842094","potions_obtained":[{"floor":1,"key":"SpeedPotion"},{"floor":3,"key":"Regen Potion"},{"floor":8,"key":"SpeedPotion"},{"floor":10,"key":"PowerPotion"},{"floor":14,"key":"FearPotion"},{"floor":18,"key":"FearPotion"}],"is_trial":false,"path_per_floor":["M","M","M","M","?","R","M","M","T","M","?","$","R","E","R","B",null,"M","$","?","M","$","E"],"character_chosen":"THE_SILENT","items_purchased":["Footwork","Footwork","Noxious Fumes"],"campfire_rested":2,"item_purchase_floors":[12,19,22],"current_hp_per_floor":[32,32,30,27,27,46,34,34,34,25,25,25,25,22,41,11,52,40,40,40,28,28,0],"gold":46,"neow_bonus":"REMOVE_TWO","is_prod":false,"is_daily":false,"chose_seed":false,"campfire_upgraded":1,"win_rate":0,"timestamp":1642707953,"path_taken":["M","M","M","M","?","R","M","M","T","?","?","$","R","E","R","BOSS","M","$","?","M","?","E"],"build_version":"2020-12-22","purchased_purges":1,"victory":false,"max_hp_per_floor":[66,66,66,66,66,66,66,66,66,66,66,66,66,66,66,66,66,66,66,66,66,66,66],"relic_stats":{"counters":[12,63],"Tingsha":[48],"Bottled Tornado":"Noxious Fumes","obtain_stats":[{"Tingsha":9,"Philosopher\u0027s Stone":17,"Bottled Tornado":14,"Ring of the Snake":0,"WarpedTongs":5},{"Tingsha":6,"Philosopher\u0027s Stone":9,"Bottled Tornado":8,"Ring of the Snake":0,"WarpedTongs":4},{"Tingsha":31,"Philosopher\u0027s Stone":50,"Bottled Tornado":39,"Ring of the Snake":0,"WarpedTongs":23}],"Ring of the Snake":[24],"WarpedTongs":[40]},"card_choices":[{"not_picked":["Leg Sweep","Heel Hook"],"picked":"Dagger Throw","floor":1},{"not_picked":["Outmaneuver","Bane","Heel Hook"],"picked":"SKIP","floor":2},{"not_picked":["Cloak And Dagger","Outmaneuver"],"picked":"Noxious Fumes","floor":3},{"not_picked":["Predator","Blade Dance"],"picked":"Terror","floor":4},{"not_picked":["Flying Knee","Outmaneuver"],"picked":"Dagger Spray","floor":7},{"not_picked":["Outmaneuver","Underhanded Strike"],"picked":"Leg Sweep","floor":8},{"not_picked":["Concentrate","Flying Knee"],"picked":"Deflect","floor":14},{"not_picked":["Unload","Burst"],"picked":"Venomology","floor":16},{"not_picked":["Quick Slash","Flying Knee"],"picked":"Blade Dance+1","floor":18},{"not_picked":["Dagger Throw","Prepared"],"picked":"Dodge and Roll","floor":21}],"player_experience":6010709,"relics_obtained":[{"floor":9,"key":"Tingsha"},{"floor":14,"key":"Bottled Tornado"}],"event_choices":[{"damage_healed":0,"gold_gain":0,"player_choice":"Rummage","damage_taken":0,"relics_obtained":["WarpedTongs"],"max_hp_gain":0,"max_hp_loss":0,"event_name":"Accursed Blacksmith","floor":5,"gold_loss":0,"cards_obtained":["Pain"]},{"cards_removed":["Pain"],"damage_healed":0,"gold_gain":0,"player_choice":"Forget","damage_taken":0,"max_hp_gain":0,"max_hp_loss":0,"event_name":"Living Wall","floor":11,"gold_loss":0},{"damage_healed":0,"gold_gain":50,"player_choice":"Pray","damage_taken":0,"max_hp_gain":0,"max_hp_loss":0,"event_name":"Golden Shrine","floor":20,"gold_loss":0}],"is_beta":false,"boss_relics":[{"not_picked":["Black Star","Ring of the Serpent"],"picked":"Philosopher\u0027s Stone"}],"items_purged_floors":[19],"is_endless":false,"potions_floor_spawned":[1,3,8,10,14,18],"killed_by":"Slavers","ascension_level":20}