{"gold_per_floor":[16,16,16,32,43,43,71,71,97,128,128,147,72,104,104,175,175,195,205,225,225,241,241,268,295,322,322,340,340,371,384,384,457,457,476,36,50,62,82,115,115,148,148,179,179,191,201,214,214,214,214,214,214,73,98,98],"floor_reached":56,"playtime":7418,"items_purged":["Strike_G","Strike_G+1"],"score":2048,"play_id":"6e124dae-8278-4239-b522-aca0cd3b31d0","local_time":"20220114141911","is_ascension_mode":true,"campfire_choices":[{"data":"Unload","floor":6,"key":"SMITH"},{"data":"Dagger Spray","floor":11,"key":"SMITH"},{"data":"Blade Dance","floor":15,"key":"SMITH"},{"floor":23,"key":"REST"},{"data":"Calculated Gamble","floor":27,"key":"SMITH"},{"floor":32,"key":"REST"},{"floor":45,"key":"REST"},{"floor":49,"key":"RECALL"},{"data":"Well Laid Plans","floor":53,"key":"SMITH"}],"neow_cost":"NO_GOLD","seed_source_timestamp":522055944677200,"circlet_count":0,"master_deck":["AscendersBane","Defend_G","Defend_G","Defend_G","Defend_G","Survivor","Neutralize+1","Unload+1","Endless Agony","Endless Agony","Blade Dance+1","PiercingWail","Dagger Spray+1","Calculated Gamble+1","Escape Plan","All Out Attack+1","Outmaneuver+1","Flechettes+1","Blade Dance","PiercingWail","Endless Agony+1","Leg Sweep+1","Backflip+1","Noxious Fumes","Dodge and Roll","CurseOfTheBell","Blade Dance+1","Backflip+1","Setup+1","Well Laid Plans+1","Deflect+1","Acrobatics+1","Deflect","Caltrops","Caltrops+1"],"relics":["Ring of the Snake","Whetstone","Oddly Smooth Stone","Kunai","Regal Pillow","Astrolabe","Strawberry","Happy Flower","Vajra","TungstenRod","Calling Bell","Akabeko","Singing Bowl","The Specimen","Orrery","Bag of Marbles","Nunchaku","White Beast Statue","Thread and Needle","Du-Vu Doll"],"potions_floor_usage":[10,14,16,24,33,42,50,55,56,56],"damage_taken":[{"damage":2,"enemies":"Small Slimes","floor":1,"turns":5},{"damage":0,"enemies":"Jaw Worm","floor":4,"turns":3},{"damage":0,"enemies":"2 Louse","floor":5,"turns":2},{"damage":19,"enemies":"3 Sentries","floor":7,"turns":10},{"damage":10,"enemies":"Lagavulin","floor":10,"turns":8},{"damage":0,"enemies":"Blue Slaver","floor":12,"turns":2},{"damage":2,"enemies":"3 Sentries","floor":14,"turns":6},{"damage":22,"enemies":"Slime Boss","floor":16,"turns":14},{"damage":0,"enemies":"Spheric Guardian","floor":18,"turns":3},{"damage":17,"enemies":"2 Thieves","floor":19,"turns":3},{"damage":4,"enemies":"Snake Plant","floor":20,"turns":5},{"damage":18,"enemies":"Snecko","floor":22,"turns":5},{"damage":9,"enemies":"Slavers","floor":24,"turns":4},{"damage":0,"enemies":"Centurion and Healer","floor":28,"turns":4},{"damage":4,"enemies":"Book of Stabbing","floor":30,"turns":7},{"damage":21,"enemies":"Snake Plant","floor":31,"turns":4},{"damage":6,"enemies":"Automaton","floor":33,"turns":12},{"damage":8,"enemies":"Orb Walker","floor":35,"turns":3},{"damage":0,"enemies":"3 Shapes","floor":37,"turns":2},{"damage":0,"enemies":"Sphere and 2 Shapes","floor":38,"turns":1},{"damage":4,"enemies":"Writhing Mass","floor":39,"turns":6},{"damage":0,"enemies":"Reptomancer","floor":40,"turns":7},{"damage":37,"enemies":"Giant Head","floor":42,"turns":10},{"damage":29,"enemies":"Reptomancer","floor":44,"turns":3},{"damage":0,"enemies":"4 Shapes","floor":46,"turns":3},{"damage":0,"enemies":"Jaw Worm Horde","floor":47,"turns":3},{"damage":0,"enemies":"3 Darklings","floor":48,"turns":6},{"damage":12,"enemies":"Time Eater","floor":50,"turns":14},{"damage":11,"enemies":"Awakened One","floor":51,"turns":40},{"damage":25,"enemies":"Shield and Spear","floor":55,"turns":8},{"damage":62,"enemies":"The Heart","floor":56,"turns":6}],"seed_played":"8845967439346024459","potions_obtained":[{"floor":4,"key":"Weak Potion"},{"floor":10,"key":"Energy Potion"},{"floor":12,"key":"Regen Potion"},{"floor":18,"key":"FearPotion"},{"floor":24,"key":"AttackPotion"},{"floor":28,"key":"Ancient Potion"},{"floor":29,"key":"Strength Potion"},{"floor":35,"key":"DistilledChaos"},{"floor":38,"key":"LiquidMemories"},{"floor":44,"key":"CultistPotion"},{"floor":55,"key":"Explosive Potion"}],"is_trial":false,"path_per_floor":["M","?","$","M","M","R","E","?","T","E","R","M","$","E","R","B",null,"M","M","M","?","M","R","E","T","T","R","M","?","E","M","R","B",null,"M","$","M","M","M","E","?","E","T","E","R","M","M","M","R","B","B",null,"R","$","E","B"],"character_chosen":"THE_SILENT","items_purchased":["Orrery","Bag of Marbles","Strength Potion","Caltrops"],"campfire_rested":3,"item_purchase_floors":[36,36,54,54],"current_hp_per_floor":[57,57,57,57,57,57,38,38,38,28,28,28,28,41,41,19,54,54,37,33,33,15,49,47,47,47,47,47,47,43,22,58,52,68,60,66,68,70,66,66,66,31,31,2,42,44,44,46,46,34,23,73,73,73,48,0],"gold":98,"neow_bonus":"THREE_RARE_CARDS","is_prod":false,"is_daily":false,"chose_seed":false,"campfire_upgraded":5,"win_rate":0,"timestamp":1642187951,"path_taken":["M","?","?","M","M","R","E","?","T","E","R","?","$","E","R","BOSS","M","M","M","?","M","R","E","?","T","R","M","?","E","?","R","BOSS","M","$","M","M","M","E","?","E","T","E","R","M","M","M","R","BOSS","BOSS","R","$","E","BOSS"],"build_version":"2020-12-22","purchased_purges":2,"victory":false,"max_hp_per_floor":[66,66,66,66,66,66,66,66,66,66,66,66,66,66,66,66,66,66,66,66,66,66,66,73,73,73,73,73,73,73,73,73,73,73,73,79,81,83,83,83,83,85,85,85,85,87,87,89,89,89,89,89,89,89,89,89],"relic_stats":{"Regal Pillow":45,"Happy Flower":[46],"Singing Bowl":16,"The Specimen":[24],"counters":[31,209],"Astrolabe":["All Out Attack","Outmaneuver","Flechettes"],"Whetstone":["Neutralize","Strike_G"],"White Beast Statue":[0.0,0.0,0.0,0.4,0.0,0.6000000000000001,0.0,0.0,0.0,0.0,0.0,2.1048000000000004],"Nunchaku":[36],"Kunai":[174],"obtain_stats":[{"Regal Pillow":14,"Happy Flower":25,"Singing Bowl":34,"The Specimen":34,"Astrolabe":17,"Oddly Smooth Stone":9,"Vajra":26,"Thread and Needle":44,"Whetstone":7,"Akabeko":34,"White Beast Statue":42,"Calling Bell":34,"Du-Vu Doll":55,"Nunchaku":40,"Strawberry":24,"Orrery":36,"Bag of Marbles":36,"Kunai":10,"TungstenRod":30,"Ring of the Snake":0},{"Regal Pillow":7,"Happy Flower":13,"Singing Bowl":17,"The Specimen":17,"Astrolabe":8,"Oddly Smooth Stone":4,"Vajra":13,"Thread and Needle":24,"Whetstone":4,"Akabeko":17,"White Beast Statue":23,"Calling Bell":17,"Du-Vu Doll":30,"Nunchaku":22,"Strawberry":13,"Orrery":18,"Bag of Marbles":18,"Kunai":5,"TungstenRod":15,"Ring of the Snake":0},{"Regal Pillow":36,"Happy Flower":70,"Singing Bowl":97,"The Specimen":97,"Astrolabe":50,"Oddly Smooth Stone":20,"Vajra":70,"Thread and Needle":129,"Whetstone":20,"Akabeko":97,"White Beast Statue":126,"Calling Bell":97,"Du-Vu Doll":203,"Nunchaku":116,"Strawberry":70,"Orrery":100,"Bag of Marbles":100,"Kunai":28,"TungstenRod":81,"Ring of the Snake":0}],"TungstenRod":56,"Ring of the Snake":[70]},"card_choices":[{"not_picked":["Malaise","Grand Finale"],"picked":"Unload","floor":0},{"not_picked":["Flying Knee","Poisoned Stab"],"picked":"Endless Agony","floor":1},{"not_picked":["Acrobatics","Backflip"],"picked":"Blade Dance","floor":4},{"not_picked":["Backflip","Concentrate"],"picked":"PiercingWail","floor":5},{"not_picked":["Deadly Poison","Blade Dance","Concentrate"],"picked":"SKIP","floor":7},{"not_picked":["Endless Agony","Skewer"],"picked":"Dagger Spray","floor":10},{"not_picked":["Underhanded Strike","Setup"],"picked":"Calculated Gamble","floor":12},{"not_picked":["Bouncing Flask","Riddle With Holes"],"picked":"Escape Plan","floor":14},{"not_picked":["PiercingWail","Deflect"],"picked":"Blade Dance","floor":18},{"not_picked":["Caltrops","Dagger Throw"],"picked":"PiercingWail","floor":19},{"not_picked":["Outmaneuver","Dodge and Roll"],"picked":"Endless Agony+1","floor":20},{"not_picked":["Dodge and Roll","Sucker Punch"],"picked":"Leg Sweep+1","floor":22},{"not_picked":["Poisoned Stab","Glass Knife"],"picked":"Backflip+1","floor":24},{"not_picked":["Distraction","Sucker Punch","Outmaneuver"],"picked":"SKIP","floor":28},{"not_picked":["Crippling Poison+1","Quick Slash"],"picked":"Noxious Fumes","floor":30},{"not_picked":["Flying Knee+1","Poisoned Stab"],"picked":"Dodge and Roll","floor":31},{"not_picked":["Deadly Poison","Poisoned Stab"],"picked":"Blade Dance+1","floor":35},{"not_picked":["Bane+1","Distraction","Reflex+1"],"picked":"Singing Bowl","floor":36},{"not_picked":["Bane","Bouncing Flask+1"],"picked":"Backflip+1","floor":36},{"not_picked":["Poisoned Stab","Backflip"],"picked":"Setup+1","floor":36},{"not_picked":["All Out Attack","Sucker Punch","Tactician+1"],"picked":"Singing Bowl","floor":36},{"not_picked":["Blur","Catalyst","Predator+1"],"picked":"Singing Bowl","floor":36},{"not_picked":["Phantasmal Killer","Blur","Cloak And Dagger"],"picked":"Singing Bowl","floor":37},{"not_picked":["Dagger Spray","Predator","Bane+1"],"picked":"Singing Bowl","floor":38},{"not_picked":["Heel Hook","Flying Knee"],"picked":"Well Laid Plans","floor":39},{"not_picked":["Caltrops","Choke"],"picked":"Deflect+1","floor":40},{"not_picked":["Deadly Poison+1","Flechettes+1","Backstab"],"picked":"Singing Bowl","floor":42},{"not_picked":["Riddle With Holes","Expertise"],"picked":"Acrobatics+1","floor":44},{"not_picked":["Outmaneuver","Underhanded Strike","Poisoned Stab"],"picked":"Singing Bowl","floor":46},{"not_picked":["Deadly Poison","Underhanded Strike+1"],"picked":"Deflect","floor":47},{"not_picked":["Glass Knife","Riddle With Holes","Dagger Throw"],"picked":"Singing Bowl","floor":48},{"not_picked":["Deadly Poison","Deflect"],"picked":"Caltrops+1","floor":55}],"player_experience":5938831,"relics_obtained":[{"floor":7,"key":"Whetstone"},{"floor":9,"key":"Oddly Smooth Stone"},{"floor":10,"key":"Kunai"},{"floor":14,"key":"Regal Pillow"},{"floor":24,"key":"Strawberry"},{"floor":25,"key":"Happy Flower"},{"floor":26,"key":"Vajra"},{"floor":30,"key":"TungstenRod"},{"floor":34,"key":"Akabeko"},{"floor":34,"key":"Singing Bowl"},{"floor":34,"key":"The Specimen"},{"floor":40,"key":"Nunchaku"},{"floor":42,"key":"White Beast Statue"},{"floor":44,"key":"Thread and Needle"},{"floor":55,"key":"Du-Vu Doll"}],"event_choices":[{"damage_healed":0,"gold_gain":0,"cards_transformed":["Strike_G"],"player_choice":"Change","damage_taken":0,"max_hp_gain":0,"max_hp_loss":0,"event_name":"Living Wall","floor":2,"gold_loss":0,"cards_obtained":["Endless Agony"]},{"damage_healed":0,"gold_gain":0,"player_choice":"Ignored","damage_taken":0,"max_hp_gain":0,"max_hp_loss":0,"event_name":"Shining Light","floor":8,"gold_loss":0},{"damage_healed":0,"gold_gain":0,"player_choice":"Ignored","damage_taken":0,"max_hp_gain":0,"max_hp_loss":0,"event_name":"Cursed Tome","floor":21,"gold_loss":0},{"damage_healed":0,"gold_gain":0,"player_choice":"Got Potions","damage_taken":0,"max_hp_gain":0,"max_hp_loss":0,"event_name":"Lab","floor":29,"gold_loss":0},{"damage_healed":0,"gold_gain":0,"player_choice":"Ignored","damage_taken":0,"max_hp_gain":0,"max_hp_loss":0,"event_name":"Tomb of Lord Red Mask","floor":41,"gold_loss":0}],"is_beta":false,"boss_relics":[{"not_picked":["HoveringKite","Empty Cage"],"picked":"Astrolabe"},{"not_picked":["SacredBark","Snecko Eye"],"picked":"Calling Bell"}],"items_purged_floors":[13,36],"is_endless":false,"potions_floor_spawned":[4,10,12,18,24,28,30,31,35,38,40,44,46,47,48,55],"killed_by":"The Heart","ascension_level":20}