{"gold_per_floor":[116,128,128,145,155,155,181,199,199,213,224,189,189,214,214,290,290,266,285,285,560,135,166,185,185,185,220,231,243,256,51,51,123,123,136,136,153,165,165,165,194,194,194,223,223,223,148,161,161,161,161,161,161,3,34,34],"floor_reached":57,"playtime":7635,"items_purged":["Regret","Strike_G"],"score":2778,"play_id":"a8c76567-cdc4-450b-994c-1c0ef1d3794e","local_time":"20220202144959","is_ascension_mode":true,"campfire_choices":[{"data":"All Out Attack","floor":6,"key":"SMITH"},{"data":"Well Laid Plans","floor":13,"key":"SMITH"},{"data":"Caltrops","floor":15,"key":"SMITH"},{"data":"Acrobatics","floor":25,"key":"SMITH"},{"data":"Outmaneuver","floor":32,"key":"SMITH"},{"data":"Calculated Gamble","floor":40,"key":"SMITH"},{"floor":45,"key":"REST"},{"floor":49,"key":"RECALL"},{"data":"Caltrops","floor":53,"key":"SMITH"}],"neow_cost":"NONE","seed_source_timestamp":1250876779258800,"circlet_count":0,"master_deck":["AscendersBane","Defend_G","Defend_G","Defend_G","Defend_G","Defend_G","Survivor","Neutralize","Dagger Throw","All Out Attack+1","Well Laid Plans+1","Caltrops+1","Malaise","Backstab","Underhanded Strike","Acrobatics+1","Malaise","PiercingWail+1","Outmaneuver+1","Master of Strategy","Die Die Die","Calculated Gamble+1","Backflip","PanicButton","After Image","Backflip+1","Reflex","Calculated Gamble","Masterful Stab","Grand Finale","Caltrops+1"],"relics":["Ring of the Snake","Art of War","Incense Burner","Sundial","HoveringKite","Bag of Marbles","Turnip","Mercury Hourglass","Boot","Black Star","HornCleat","Singing Bowl","Kunai","Strawberry","Sling","Happy Flower","Anchor"],"potions_floor_usage":[7,7,14,16,18,27,41,55,56,56],"damage_taken":[{"damage":4,"enemies":"Small Slimes","floor":1,"turns":6},{"damage":1,"enemies":"Cultist","floor":2,"turns":4},{"damage":1,"enemies":"Jaw Worm","floor":4,"turns":4},{"damage":1,"enemies":"Looter","floor":5,"turns":5},{"damage":26,"enemies":"Lagavulin","floor":7,"turns":10},{"damage":4,"enemies":"Red Slaver","floor":8,"turns":6},{"damage":3,"enemies":"Large Slime","floor":10,"turns":11},{"damage":0,"enemies":"2 Fungi Beasts","floor":11,"turns":3},{"damage":18,"enemies":"3 Sentries","floor":14,"turns":7},{"damage":5,"enemies":"Hexaghost","floor":16,"turns":11},{"damage":6,"enemies":"2 Thieves","floor":18,"turns":4},{"damage":3,"enemies":"Spheric Guardian","floor":19,"turns":5},{"damage":5,"enemies":"Gremlin Leader","floor":23,"turns":8},{"damage":0,"enemies":"3 Cultists","floor":24,"turns":4},{"damage":2,"enemies":"Slavers","floor":27,"turns":3},{"damage":4,"enemies":"Chosen and Byrds","floor":28,"turns":7},{"damage":3,"enemies":"Centurion and Healer","floor":29,"turns":9},{"damage":0,"enemies":"Snake Plant","floor":30,"turns":6},{"damage":0,"enemies":"Automaton","floor":33,"turns":15},{"damage":0,"enemies":"3 Shapes","floor":35,"turns":4},{"damage":2,"enemies":"Orb Walker","floor":37,"turns":5},{"damage":6,"enemies":"Spire Growth","floor":38,"turns":7},{"damage":10,"enemies":"Reptomancer","floor":41,"turns":7},{"damage":0,"enemies":"Giant Head","floor":44,"turns":10},{"damage":0,"enemies":"Writhing Mass","floor":48,"turns":7},{"damage":14,"enemies":"Time Eater","floor":50,"turns":16},{"damage":8,"enemies":"Awakened One","floor":51,"turns":17},{"damage":16,"enemies":"Shield and Spear","floor":55,"turns":6},{"damage":31,"enemies":"The Heart","floor":56,"turns":8}],"seed_played":"5141072795491367099","potions_obtained":[{"floor":3,"key":"BlessingOfTheForge"},{"floor":3,"key":"Poison Potion"},{"floor":4,"key":"Fire Potion"},{"floor":7,"key":"DistilledChaos"},{"floor":8,"key":"Energy Potion"},{"floor":16,"key":"EssenceOfSteel"},{"floor":18,"key":"LiquidMemories"},{"floor":19,"key":"EssenceOfSteel"},{"floor":23,"key":"CunningPotion"},{"floor":35,"key":"Explosive Potion"},{"floor":48,"key":"LiquidBronze"},{"floor":55,"key":"Explosive Potion"}],"is_trial":false,"path_per_floor":["M","M","?","M","M","R","E","M","T","M","M","?","R","E","R","B",null,"M","M","?","?","$","E","M","R","T","E","M","M","M","$","R","B",null,"M","?","M","M","?","R","E","?","T","E","R","?","?","M","R","B","B",null,"R","$","E","B",null],"character_chosen":"THE_SILENT","items_purchased":["Bag of Marbles","Master of Strategy","PanicButton","Sling"],"campfire_rested":1,"item_purchase_floors":[22,22,31,54],"current_hp_per_floor":[61,60,60,59,58,58,32,28,28,25,25,43,43,25,25,20,59,53,50,50,50,50,45,45,45,45,43,39,36,36,36,36,36,63,63,63,61,55,55,55,47,47,47,56,80,79,79,79,79,65,57,74,74,74,60,29],"gold":34,"neow_bonus":"TEN_PERCENT_HP_BONUS","is_prod":false,"is_daily":false,"chose_seed":false,"campfire_upgraded":7,"win_rate":0,"timestamp":1643831399,"path_taken":["M","M","?","M","M","R","E","M","T","?","M","?","R","E","R","BOSS","M","M","?","?","$","E","M","R","T","E","M","M","M","$","R","BOSS","M","?","?","M","?","R","E","?","T","E","R","?","?","M","R","BOSS","BOSS","R","$","E","BOSS"],"build_version":"2020-12-22","purchased_purges":2,"victory":true,"max_hp_per_floor":[72,72,72,72,72,72,72,72,72,72,72,72,72,72,72,72,72,72,72,72,72,72,72,72,72,72,72,72,72,72,72,72,72,72,72,72,72,72,72,72,74,74,74,83,83,79,79,79,79,79,79,79,79,79,81,81],"relic_stats":{"Singing Bowl":6,"Happy Flower":[2],"counters":[29,212],"HoveringKite":[113],"Boot":[106],"Mercury Hourglass":[466],"Sundial":[50],"Turnip":[9],"Art of War":[32],"Black Star":3,"Kunai":[28],"obtain_stats":[{"Singing Bowl":41,"Happy Flower":55,"HoveringKite":17,"Incense Burner":9,"Boot":27,"Sling":54,"Mercury Hourglass":26,"Anchor":55,"HornCleat":41,"Sundial":14,"Strawberry":44,"Turnip":23,"Art of War":7,"Bag of Marbles":22,"Black Star":34,"Kunai":44,"Ring of the Snake":0},{"Singing Bowl":23,"Happy Flower":28,"HoveringKite":10,"Incense Burner":6,"Boot":15,"Sling":27,"Mercury Hourglass":14,"Anchor":28,"HornCleat":23,"Sundial":9,"Strawberry":24,"Turnip":13,"Art of War":5,"Bag of Marbles":12,"Black Star":19,"Kunai":24,"Ring of the Snake":0},{"Singing Bowl":148,"Happy Flower":204,"HoveringKite":67,"Incense Burner":35,"Boot":91,"Sling":198,"Mercury Hourglass":88,"Anchor":204,"HornCleat":148,"Sundial":56,"Strawberry":158,"Turnip":84,"Art of War":29,"Bag of Marbles":76,"Black Star":127,"Kunai":158,"Ring of the Snake":0}],"Ring of the Snake":[58]},"card_choices":[{"not_picked":["Sucker Punch","Dodge and Roll"],"picked":"Dagger Throw","floor":1},{"not_picked":["Blade Dance","Deflect"],"picked":"All Out Attack","floor":2},{"not_picked":["Catalyst","Bane"],"picked":"Well Laid Plans","floor":4},{"not_picked":["Choke","Bane"],"picked":"Caltrops","floor":5},{"not_picked":["Acrobatics","Blade Dance"],"picked":"Malaise","floor":7},{"not_picked":["Dash","Prepared"],"picked":"Backstab","floor":8},{"not_picked":["Outmaneuver","Flying Knee","Prepared"],"picked":"SKIP","floor":10},{"not_picked":["Deflect","Slice"],"picked":"Underhanded Strike","floor":11},{"not_picked":["PiercingWail","Noxious Fumes"],"picked":"Acrobatics","floor":14},{"not_picked":["A Thousand Cuts","Envenom"],"picked":"Malaise","floor":16},{"not_picked":["Acrobatics","Infinite Blades"],"picked":"PiercingWail+1","floor":18},{"not_picked":["Underhanded Strike","Poisoned Stab","Outmaneuver"],"picked":"SKIP","floor":19},{"not_picked":["Catalyst","Dash"],"picked":"Die Die Die","floor":23},{"not_picked":["Heel Hook+1","Blade Dance"],"picked":"Calculated Gamble","floor":24},{"not_picked":["Slice","Masterful Stab+1"],"picked":"Backflip","floor":27},{"not_picked":["Dash","Blur","Poisoned Stab"],"picked":"SKIP","floor":28},{"not_picked":["Slice","Backflip","Blur"],"picked":"SKIP","floor":29},{"not_picked":["Bane","Flying Knee","Backflip"],"picked":"SKIP","floor":30},{"not_picked":["Glass Knife","Malaise"],"picked":"After Image","floor":33},{"not_picked":["Riddle With Holes","Catalyst"],"picked":"Backflip+1","floor":35},{"not_picked":["Deadly Poison+1","Leg Sweep+1"],"picked":"Reflex","floor":37},{"not_picked":["Cloak And Dagger","Slice+1"],"picked":"Calculated Gamble","floor":38},{"not_picked":["Cloak And Dagger","Slice+1","A Thousand Cuts"],"picked":"Singing Bowl","floor":41},{"not_picked":["Backstab+1","Setup","Prepared"],"picked":"Singing Bowl","floor":44},{"not_picked":["Footwork","Cloak And Dagger"],"picked":"Caltrops","floor":48},{"not_picked":["Dagger Throw","Deflect","Flying Knee"],"picked":"Singing Bowl","floor":55}],"player_experience":6104960,"relics_obtained":[{"floor":7,"key":"Art of War"},{"floor":9,"key":"Incense Burner"},{"floor":14,"key":"Sundial"},{"floor":23,"key":"Turnip"},{"floor":26,"key":"Mercury Hourglass"},{"floor":27,"key":"Boot"},{"floor":41,"key":"HornCleat"},{"floor":41,"key":"Singing Bowl"},{"floor":44,"key":"Kunai"},{"floor":44,"key":"Strawberry"},{"floor":55,"key":"Happy Flower"},{"floor":55,"key":"Anchor"}],"event_choices":[{"damage_healed":0,"gold_gain":0,"player_choice":"Got Potions","damage_taken":0,"max_hp_gain":0,"max_hp_loss":0,"event_name":"Lab","floor":3,"gold_loss":0},{"damage_healed":18,"gold_gain":0,"player_choice":"Healed","damage_taken":0,"max_hp_gain":0,"max_hp_loss":0,"event_name":"The Cleric","floor":12,"gold_loss":35},{"damage_healed":0,"gold_gain":0,"cards_transformed":["Strike_G","Strike_G"],"player_choice":"Became Test Subject","damage_taken":0,"max_hp_gain":0,"max_hp_loss":0,"event_name":"Drug Dealer","floor":20,"gold_loss":0,"cards_obtained":["Accuracy","Outmaneuver"]},{"damage_healed":0,"gold_gain":275,"player_choice":"Desecrate","damage_taken":0,"max_hp_gain":0,"max_hp_loss":0,"event_name":"Golden Shrine","floor":21,"gold_loss":0,"cards_obtained":["Regret"]},{"damage_healed":0,"gold_gain":0,"player_choice":"0 cards matched","damage_taken":0,"max_hp_gain":0,"max_hp_loss":0,"event_name":"Match and Keep!","floor":36,"gold_loss":0,"cards_obtained":[]},{"damage_healed":0,"gold_gain":0,"player_choice":"0 cards matched","damage_taken":0,"max_hp_gain":0,"max_hp_loss":0,"event_name":"Match and Keep!","floor":36,"gold_loss":0,"cards_obtained":[]},{"cards_removed":["Accuracy"],"damage_healed":0,"gold_gain":0,"player_choice":"Removed Power","damage_taken":0,"max_hp_gain":0,"max_hp_loss":0,"event_name":"Falling","floor":39,"gold_loss":0},{"damage_healed":0,"gold_gain":0,"player_choice":"Ignored","damage_taken":0,"max_hp_gain":0,"max_hp_loss":0,"event_name":"Mysterious Sphere","floor":42,"gold_loss":0},{"damage_healed":0,"gold_gain":0,"player_choice":"Max HP","damage_taken":0,"max_hp_gain":0,"max_hp_loss":4,"event_name":"Winding Halls","floor":46,"gold_loss":0},{"damage_healed":0,"gold_gain":0,"cards_transformed":["Strike_G","Strike_G"],"player_choice":"Transformed Cards","damage_taken":0,"max_hp_gain":0,"max_hp_loss":0,"event_name":"Designer","floor":47,"gold_loss":75,"cards_obtained":["Masterful Stab","Grand Finale"]}],"is_beta":false,"boss_relics":[{"not_picked":["Ectoplasm","Empty Cage"],"picked":"HoveringKite"},{"not_picked":["Runic Pyramid","Sozu"],"picked":"Black Star"}],"items_purged_floors":[22,31],"is_endless":false,"potions_floor_spawned":[4,7,8,11,16,18,19,23,35,48,55],"ascension_level":20}