{"gold_per_floor":[111,126,139,139,156,156,186,1,1,1,17,51,66,80,80,159,159,175,190,208,208,219,219,219,219,219,230,8,27,27,60,60,60],"floor_reached":33,"playtime":3177,"items_purged":["Strike_G","Strike_G"],"score":637,"play_id":"3379fb58-d306-44ef-85f1-36e1648f823a","local_time":"20220201192733","is_ascension_mode":true,"campfire_choices":[{"data":"Dagger Spray","floor":6,"key":"SMITH"},{"floor":10,"key":"REST"},{"data":"Corpse Explosion","floor":15,"key":"SMITH"},{"data":"Tactician","floor":23,"key":"SMITH"},{"floor":30,"key":"REST"},{"data":"Calculated Gamble","floor":32,"key":"SMITH"}],"neow_cost":"TEN_PERCENT_HP_LOSS","seed_source_timestamp":1185605861042900,"circlet_count":0,"master_deck":["AscendersBane","Strike_G","Defend_G","Defend_G","Defend_G","Defend_G","Survivor","Neutralize","Deadly Poison","Calculated Gamble+1","Dagger Spray","Dagger Spray+1","Deadly Poison","Dash","Footwork","Deflect+1","Calculated Gamble","Corpse Explosion+1","Escape Plan","Bullet Time","CurseOfTheBell","Bane+1","Tactician+1","Dagger Throw+1","PiercingWail+1","Writhe","Acrobatics","PiercingWail"],"relics":["Ring of the Snake","Prayer Wheel","Singing Bowl","Meat on the Bone","Calling Bell","Dream Catcher","Pear","Gambling Chip","War Paint","White Beast Statue","Membership Card","Centennial Puzzle"],"potions_floor_usage":[7,13,16,18,20,29,29,33,33],"damage_taken":[{"damage":0,"enemies":"Cultist","floor":1,"turns":3},{"damage":2,"enemies":"Jaw Worm","floor":2,"turns":4},{"damage":0,"enemies":"Small Slimes","floor":3,"turns":2},{"damage":17,"enemies":"Exordium Thugs","floor":5,"turns":5},{"damage":20,"enemies":"Gremlin Nob","floor":7,"turns":4},{"damage":10,"enemies":"Lots of Slimes","floor":11,"turns":3},{"damage":10,"enemies":"Lagavulin","floor":12,"turns":8},{"damage":0,"enemies":"Red Slaver","floor":13,"turns":3},{"damage":6,"enemies":"3 Louse","floor":14,"turns":3},{"damage":33,"enemies":"Slime Boss","floor":16,"turns":9},{"damage":11,"enemies":"Chosen","floor":18,"turns":4},{"damage":5,"enemies":"2 Thieves","floor":19,"turns":2},{"damage":20,"enemies":"Snecko","floor":20,"turns":6},{"damage":33,"enemies":"Snake Plant","floor":22,"turns":4},{"damage":0,"enemies":"3 Cultists","floor":27,"turns":2},{"damage":13,"enemies":"Centurion and Healer","floor":29,"turns":10},{"damage":18,"enemies":"Gremlin Leader","floor":31,"turns":7},{"damage":52,"enemies":"Automaton","floor":33,"turns":6}],"seed_played":"4178397447591320136","potions_obtained":[{"floor":2,"key":"Ancient Potion"},{"floor":11,"key":"Weak Potion"},{"floor":12,"key":"Regen Potion"},{"floor":13,"key":"Energy Potion"},{"floor":16,"key":"SkillPotion"},{"floor":19,"key":"Fire Potion"},{"floor":22,"key":"DistilledChaos"},{"floor":29,"key":"PowerPotion"},{"floor":31,"key":"SteroidPotion"}],"is_trial":false,"path_per_floor":["M","M","M","?","M","R","E","$","T","R","M","E","M","M","R","B",null,"M","M","M","?","M","R","?","?","T","M","$","M","R","E","R","B"],"character_chosen":"THE_SILENT","items_purchased":["GhostInAJar","Membership Card"],"campfire_rested":2,"item_purchase_floors":[8,28],"current_hp_per_floor":[59,57,57,50,33,33,13,13,13,31,21,11,35,45,45,24,64,55,50,44,44,27,27,3,3,3,19,19,20,47,43,43,0],"gold":60,"neow_bonus":"TRANSFORM_TWO_CARDS","is_prod":false,"is_daily":false,"chose_seed":false,"campfire_upgraded":4,"win_rate":0,"timestamp":1643761653,"path_taken":["M","M","M","?","M","R","E","$","T","R","M","E","M","M","R","BOSS","M","M","M","?","M","R","?","?","T","M","$","M","R","E","R","BOSS"],"build_version":"2020-12-22","purchased_purges":2,"victory":false,"max_hp_per_floor":[60,60,60,60,60,60,60,60,60,60,60,60,60,64,64,64,74,76,76,78,78,82,82,87,87,87,91,91,93,93,95,95,95],"relic_stats":{"Dream Catcher":1,"Centennial Puzzle":[3],"Singing Bowl":20,"counters":[18,85],"Gambling Chip":[37],"Prayer Wheel":9,"Membership Card":50,"War Paint":["PiercingWail","Deflect"],"obtain_stats":[{"Calling Bell":17,"Dream Catcher":17,"Centennial Puzzle":31,"Pear":17,"Singing Bowl":9,"Gambling Chip":17,"Prayer Wheel":7,"Membership Card":28,"War Paint":25,"White Beast Statue":26,"Ring of the Snake":0,"Meat on the Bone":12},{"Calling Bell":10,"Dream Catcher":10,"Centennial Puzzle":17,"Pear":10,"Singing Bowl":5,"Gambling Chip":10,"Prayer Wheel":5,"Membership Card":15,"War Paint":14,"White Beast Statue":14,"Ring of the Snake":0,"Meat on the Bone":7},{"Calling Bell":44,"Dream Catcher":44,"Centennial Puzzle":79,"Pear":44,"Singing Bowl":18,"Gambling Chip":44,"Prayer Wheel":18,"Membership Card":62,"War Paint":60,"White Beast Statue":60,"Ring of the Snake":0,"Meat on the Bone":29}],"White Beast Statue":[0.0,0.024000000000000007,0.0,0.32800000000000007,0.0,0.5280000000000001,0.0,0.12000000000000002,0.0,0.0,0.0,1.2560000000000002],"Ring of the Snake":[36],"Meat on the Bone":96},"card_choices":[{"not_picked":["Flying Knee","Deflect"],"picked":"Dagger Spray","floor":1},{"not_picked":["Acrobatics","Blade Dance"],"picked":"Dagger Spray","floor":2},{"not_picked":["Riddle With Holes","Bane"],"picked":"Deadly Poison","floor":3},{"not_picked":["Caltrops","Dagger Throw"],"picked":"Dash","floor":5},{"not_picked":["Dagger Throw","Quick Slash","Outmaneuver"],"picked":"SKIP","floor":7},{"not_picked":["Dagger Throw","Quick Slash","Outmaneuver"],"picked":"SKIP","floor":7},{"not_picked":["Deadly Poison","Crippling Poison"],"picked":"Footwork","floor":11},{"not_picked":["Reflex","Underhanded Strike"],"picked":"Deflect","floor":11},{"not_picked":["Outmaneuver","Terror"],"picked":"Calculated Gamble","floor":12},{"not_picked":["Expertise","Slice"],"picked":"Corpse Explosion","floor":13},{"not_picked":["Footwork","Outmaneuver"],"picked":"Escape Plan","floor":13},{"not_picked":["Deadly Poison","Bane","Cloak And Dagger"],"picked":"Singing Bowl","floor":14},{"not_picked":["Backstab","Slice","Heel Hook"],"picked":"Singing Bowl","floor":14},{"not_picked":["Envenom","Night Terror"],"picked":"Bullet Time","floor":16},{"not_picked":["Terror","Noxious Fumes","Dagger Throw"],"picked":"Singing Bowl","floor":18},{"not_picked":["Poisoned Stab","Skewer"],"picked":"Bane+1","floor":18},{"not_picked":["Escape Plan","Outmaneuver"],"picked":"Tactician","floor":19},{"not_picked":["Cloak And Dagger","Deflect+1"],"picked":"Dagger Throw+1","floor":19},{"not_picked":["Backflip","Prepared"],"picked":"PiercingWail","floor":20},{"not_picked":["All Out Attack+1","Venomology","Skewer"],"picked":"Singing Bowl","floor":20},{"not_picked":["Blur","Caltrops","Poisoned Stab"],"picked":"Singing Bowl","floor":22},{"not_picked":["PiercingWail","Sucker Punch+1","Flying Knee"],"picked":"Singing Bowl","floor":22},{"not_picked":["Heel Hook","Blade Dance","Quick Slash"],"picked":"Singing Bowl","floor":27},{"not_picked":["Poisoned Stab","Deadly Poison","Burst"],"picked":"Singing Bowl","floor":27},{"not_picked":["Masterful Stab","Predator","Sucker Punch"],"picked":"Singing Bowl","floor":29},{"not_picked":["Underhanded Strike","Poisoned Stab"],"picked":"Acrobatics","floor":29},{"not_picked":["Underhanded Strike","Flying Knee"],"picked":"PiercingWail","floor":30},{"not_picked":["All Out Attack","Poisoned Stab+1","Unload"],"picked":"Singing Bowl","floor":31}],"player_experience":6100394,"relics_obtained":[{"floor":7,"key":"Prayer Wheel"},{"floor":9,"key":"Singing Bowl"},{"floor":12,"key":"Meat on the Bone"},{"floor":17,"key":"Dream Catcher"},{"floor":17,"key":"Pear"},{"floor":17,"key":"Gambling Chip"},{"floor":26,"key":"White Beast Statue"},{"floor":31,"key":"Centennial Puzzle"}],"event_choices":[{"cards_removed":["Strike_G"],"damage_healed":0,"gold_gain":0,"player_choice":"Card Removal","damage_taken":7,"max_hp_gain":0,"max_hp_loss":0,"event_name":"Golden Wing","floor":4,"gold_loss":0},{"damage_healed":0,"gold_gain":0,"player_choice":"Ignored","damage_taken":0,"max_hp_gain":0,"max_hp_loss":0,"event_name":"Vampires","floor":21,"gold_loss":0},{"damage_healed":0,"gold_gain":0,"player_choice":"Shed Blood","damage_taken":29,"max_hp_gain":5,"max_hp_loss":0,"event_name":"Forgotten Altar","floor":24,"gold_loss":0},{"damage_healed":0,"gold_gain":0,"player_choice":"Opened","damage_taken":0,"relics_obtained":["War Paint"],"max_hp_gain":0,"max_hp_loss":0,"event_name":"The Mausoleum","floor":25,"gold_loss":0,"cards_obtained":["Writhe"]}],"is_beta":false,"boss_relics":[{"not_picked":["Runic Dome","Tiny House"],"picked":"Calling Bell"}],"items_purged_floors":[8,28],"is_endless":false,"potions_floor_spawned":[2,11,12,13,16,19,22,27,29,31],"killed_by":"Automaton","ascension_level":20}