{"gold_per_floor":[359,375,400,400,41,41,53,82,82,82,93,110,144,54,54,128,128,145,145,155,168,168,197,197,223,223,254,254,288,338,350,350,423,423,443,468,478,494,494,527,527,555,555,555,582,156,174,200,200,200,200,200,200,74,104,104],"floor_reached":57,"playtime":6500,"items_purged":["Regret","Decay"],"score":3487,"play_id":"58635db8-0553-4adf-9ce0-1a3c0dba7eae","local_time":"20220211141921","is_ascension_mode":true,"campfire_choices":[{"data":"Noxious Fumes","floor":6,"key":"SMITH"},{"data":"Dagger Spray","floor":10,"key":"SMITH"},{"data":"Phantasmal Killer","floor":15,"key":"SMITH"},{"data":"Adrenaline","floor":24,"key":"SMITH"},{"data":"Skewer","floor":32,"key":"SMITH"},{"floor":44,"key":"RECALL"},{"data":"1","floor":49,"key":"LIFT"},{"data":"2","floor":53,"key":"LIFT"}],"neow_cost":"TEN_PERCENT_HP_LOSS","seed_source_timestamp":9970018825000,"circlet_count":0,"master_deck":["AscendersBane","Defend_G","Defend_G","Defend_G","Defend_G","Defend_G","Survivor","Neutralize","Infinite Blades","Noxious Fumes+1","PiercingWail","Dagger Spray+1","Skewer+1","Phantasmal Killer+1","PiercingWail","Infinite Blades","Adrenaline+1","Escape Plan","Deflect","Calculated Gamble","Bite","Bite","Bite","Bite","Escape Plan","Cloak And Dagger+1","Prepared+1","Phantasmal Killer+1","Blur+1","Outmaneuver+1","Prepared+1","Dodge and Roll+1","Dodge and Roll+1","Terror+1","Tactician+1","Master of Strategy+1","Skewer+1","Backflip+1","Calculated Gamble+1","Cloak And Dagger+1"],"relics":["Ring of the Snake","Pen Nib","Anchor","Dead Branch","Kunai","TungstenRod","Pocketwatch","Cursed Key","Thread and Needle","Regal Pillow","Toxic Egg 2","Ice Cream","Smiling Mask","SlaversCollar","Girya","PreservedInsect","Molten Egg 2","Art of War","Frozen Eye","Centennial Puzzle","StrikeDummy"],"potions_floor_usage":[7,13,25,56],"damage_taken":[{"damage":1,"enemies":"Cultist","floor":1,"turns":4},{"damage":0,"enemies":"2 Louse","floor":2,"turns":3},{"damage":1,"enemies":"Jaw Worm","floor":7,"turns":5},{"damage":10,"enemies":"3 Sentries","floor":8,"turns":5},{"damage":7,"enemies":"Looter","floor":11,"turns":3},{"damage":0,"enemies":"3 Louse","floor":12,"turns":1},{"damage":0,"enemies":"Lagavulin","floor":13,"turns":6},{"damage":2,"enemies":"Slime Boss","floor":16,"turns":6},{"damage":0,"enemies":"2 Thieves","floor":18,"turns":3},{"damage":9,"enemies":"Chosen","floor":20,"turns":4},{"damage":0,"enemies":"Sentry and Sphere","floor":21,"turns":3},{"damage":0,"enemies":"Gremlin Leader","floor":23,"turns":5},{"damage":0,"enemies":"Book of Stabbing","floor":25,"turns":3},{"damage":13,"enemies":"Slavers","floor":27,"turns":5},{"damage":0,"enemies":"Gremlin Leader","floor":29,"turns":4},{"damage":3,"enemies":"Centurion and Healer","floor":31,"turns":5},{"damage":0,"enemies":"Champ","floor":33,"turns":7},{"damage":3,"enemies":"3 Darklings","floor":35,"turns":3},{"damage":0,"enemies":"Mind Bloom Boss Battle","floor":36,"turns":2},{"damage":0,"enemies":"Orb Walker","floor":37,"turns":2},{"damage":3,"enemies":"Maw","floor":38,"turns":3},{"damage":4,"enemies":"Giant Head","floor":40,"turns":5},{"damage":0,"enemies":"Nemesis","floor":42,"turns":5},{"damage":0,"enemies":"Giant Head","floor":45,"turns":3},{"damage":0,"enemies":"Writhing Mass","floor":47,"turns":3},{"damage":13,"enemies":"Nemesis","floor":48,"turns":3},{"damage":0,"enemies":"Time Eater","floor":50,"turns":5},{"damage":15,"enemies":"Donu and Deca","floor":51,"turns":8},{"damage":1,"enemies":"Shield and Spear","floor":55,"turns":6},{"damage":85,"enemies":"The Heart","floor":56,"turns":8}],"seed_played":"6813973834355752731","potions_obtained":[{"floor":1,"key":"Regen Potion"},{"floor":2,"key":"Swift Potion"},{"floor":8,"key":"FairyPotion"},{"floor":20,"key":"Strength Potion"},{"floor":29,"key":"Energy Potion"},{"floor":55,"key":"Strength Potion"}],"is_trial":false,"path_per_floor":["M","M","T","?","$","R","M","E","T","R","M","M","E","$","R","B",null,"M","?","M","M","?","E","R","E","T","E","?","E","?","M","R","B",null,"M","?","M","M","?","E","?","E","T","R","E","$","M","E","R","B","B",null,"R","$","E","B",null],"character_chosen":"THE_SILENT","items_purchased":["Dead Branch","PiercingWail","Infinite Blades","Frozen Eye","Master of Strategy+1","Calculated Gamble+1"],"campfire_rested":0,"item_purchase_floors":[5,5,14,46,46,54],"current_hp_per_floor":[58,58,58,40,40,40,54,44,44,44,37,37,37,37,37,35,54,54,54,45,45,42,42,42,42,42,39,39,41,41,42,42,42,42,41,41,42,42,42,42,42,42,42,42,42,42,42,29,29,31,26,38,38,38,42,6],"gold":104,"neow_bonus":"TWO_FIFTY_GOLD","is_prod":false,"is_daily":false,"chose_seed":false,"campfire_upgraded":5,"win_rate":0,"timestamp":1644607161,"path_taken":["M","M","?","?","$","R","M","E","T","R","M","M","E","$","R","BOSS","M","?","?","M","?","E","R","E","T","E","?","E","?","M","R","BOSS","M","?","M","M","?","E","?","E","T","R","E","$","M","E","R","BOSS","BOSS","R","$","E","BOSS"],"build_version":"2020-12-22","purchased_purges":2,"victory":true,"max_hp_per_floor":[60,60,60,60,60,60,60,60,60,60,60,60,60,60,60,60,60,60,60,60,60,42,42,42,42,42,42,42,42,42,42,42,42,42,42,42,42,42,42,42,42,42,42,42,42,42,42,42,42,42,42,42,42,42,42,42],"relic_stats":{"Ice Cream":[192],"Girya":2,"Regal Pillow":0,"counters":[30,128],"Dead Branch":[247],"Pen Nib":[32],"PreservedInsect":307,"Cursed Key":2,"Smiling Mask":75,"Frozen Eye":416.79535,"Centennial Puzzle":[9],"Art of War":[11],"Kunai":[75],"obtain_stats":[{"Ice Cream":27,"Girya":36,"Regal Pillow":25,"Dead Branch":5,"Thread and Needle":23,"Pen Nib":3,"PreservedInsect":40,"Cursed Key":17,"Smiling Mask":29,"SlaversCollar":34,"Frozen Eye":46,"Anchor":4,"Centennial Puzzle":48,"Molten Egg 2":42,"Art of War":45,"Kunai":8,"Toxic Egg 2":26,"StrikeDummy":55,"TungstenRod":9,"Ring of the Snake":0,"Pocketwatch":13},{"Ice Cream":14,"Girya":19,"Regal Pillow":13,"Dead Branch":2,"Thread and Needle":12,"Pen Nib":2,"PreservedInsect":22,"Cursed Key":8,"Smiling Mask":15,"SlaversCollar":17,"Frozen Eye":24,"Anchor":2,"Centennial Puzzle":26,"Molten Egg 2":23,"Art of War":24,"Kunai":4,"Toxic Egg 2":13,"StrikeDummy":29,"TungstenRod":4,"Ring of the Snake":0,"Pocketwatch":7},{"Ice Cream":56,"Girya":77,"Regal Pillow":51,"Dead Branch":7,"Thread and Needle":48,"Pen Nib":7,"PreservedInsect":87,"Cursed Key":33,"Smiling Mask":60,"SlaversCollar":72,"Frozen Eye":95,"Anchor":7,"Centennial Puzzle":101,"Molten Egg 2":92,"Art of War":95,"Kunai":17,"Toxic Egg 2":51,"StrikeDummy":120,"TungstenRod":17,"Ring of the Snake":0,"Pocketwatch":27}],"TungstenRod":43,"Ring of the Snake":[60],"Pocketwatch":[102]},"card_choices":[{"not_picked":["Prepared","Escape Plan"],"picked":"Infinite Blades","floor":1},{"not_picked":["Dodge and Roll","Acrobatics"],"picked":"Noxious Fumes","floor":2},{"not_picked":["PiercingWail","Underhanded Strike"],"picked":"Dagger Spray","floor":7},{"not_picked":["Slice","Bane","Flying Knee"],"picked":"SKIP","floor":8},{"not_picked":["Deflect","Choke"],"picked":"Skewer","floor":11},{"not_picked":["Predator","Deflect"],"picked":"Phantasmal Killer","floor":12},{"not_picked":["Deadly Poison","Sucker Punch"],"picked":"PiercingWail","floor":13},{"not_picked":["Venomology","Doppelganger"],"picked":"Adrenaline","floor":16},{"not_picked":["Slice","Bane"],"picked":"Escape Plan","floor":18},{"not_picked":["Acrobatics","Quick Slash"],"picked":"Deflect","floor":20},{"not_picked":["Cloak And Dagger","Acrobatics+1"],"picked":"Calculated Gamble","floor":21},{"not_picked":["Predator+1","Choke","Noxious Fumes"],"picked":"SKIP","floor":23},{"not_picked":["Predator+1","Choke","Noxious Fumes"],"picked":"SKIP","floor":23},{"not_picked":["Underhanded Strike","Heel Hook"],"picked":"Escape Plan","floor":25},{"not_picked":["Dodge and Roll+1","Setup+1"],"picked":"Cloak And Dagger+1","floor":27},{"not_picked":["Setup+1","Reflex+1","Riddle With Holes"],"picked":"SKIP","floor":29},{"not_picked":["Setup+1","Reflex+1","Riddle With Holes"],"picked":"SKIP","floor":29},{"not_picked":["Tactician+1","Expertise+1"],"picked":"Prepared+1","floor":31},{"not_picked":["Envenom","Burst+1"],"picked":"Phantasmal Killer+1","floor":33},{"not_picked":["Dodge and Roll+1","Noxious Fumes"],"picked":"Blur+1","floor":35},{"not_picked":["Sucker Punch","Flying Knee+1"],"picked":"Outmaneuver+1","floor":36},{"not_picked":["Acrobatics+1","Underhanded Strike+1"],"picked":"Prepared+1","floor":37},{"not_picked":["Sucker Punch+1","Accuracy"],"picked":"Dodge and Roll+1","floor":38},{"not_picked":["Bullet Time+1","Flying Knee"],"picked":"Dodge and Roll+1","floor":40},{"not_picked":["Cloak And Dagger+1","Eviscerate+1"],"picked":"Terror+1","floor":42},{"not_picked":["Die Die Die+1","Outmaneuver+1"],"picked":"Tactician+1","floor":45},{"not_picked":["Dagger Spray+1","Escape Plan+1"],"picked":"Skewer+1","floor":47},{"not_picked":["Accuracy","Outmaneuver+1"],"picked":"Backflip+1","floor":48},{"not_picked":["Dagger Throw+1","Sucker Punch+1"],"picked":"Cloak And Dagger+1","floor":55}],"player_experience":6221663,"relics_obtained":[{"floor":3,"key":"Pen Nib"},{"floor":8,"key":"Kunai"},{"floor":9,"key":"TungstenRod"},{"floor":13,"key":"Pocketwatch"},{"floor":23,"key":"Thread and Needle"},{"floor":25,"key":"Regal Pillow"},{"floor":26,"key":"Toxic Egg 2"},{"floor":27,"key":"Ice Cream"},{"floor":29,"key":"Smiling Mask"},{"floor":36,"key":"Girya"},{"floor":40,"key":"PreservedInsect"},{"floor":42,"key":"Molten Egg 2"},{"floor":45,"key":"Art of War"},{"floor":48,"key":"Centennial Puzzle"},{"floor":55,"key":"StrikeDummy"}],"event_choices":[{"damage_healed":0,"gold_gain":0,"player_choice":"Success","damage_taken":18,"relics_obtained":["Anchor"],"max_hp_gain":0,"max_hp_loss":0,"event_name":"Scrap Ooze","floor":4,"gold_loss":0},{"cards_removed":["Strike_G"],"damage_healed":0,"gold_gain":0,"player_choice":"Offered Basic","damage_taken":0,"max_hp_gain":0,"max_hp_loss":0,"event_name":"Bonfire Elementals","floor":19,"gold_loss":0},{"damage_healed":0,"gold_gain":0,"player_choice":"Became a vampire","damage_taken":0,"max_hp_gain":0,"max_hp_loss":18,"event_name":"Vampires","floor":22,"gold_loss":0,"cards_obtained":["Bite","Bite","Bite","Bite","Bite"]},{"damage_healed":0,"gold_gain":0,"player_choice":"Ignored","damage_taken":0,"max_hp_gain":0,"max_hp_loss":0,"event_name":"The Mausoleum","floor":28,"gold_loss":0},{"damage_healed":0,"gold_gain":50,"player_choice":"Stole From Cult","damage_taken":0,"max_hp_gain":0,"max_hp_loss":0,"event_name":"Nest","floor":30,"gold_loss":0},{"damage_healed":0,"gold_gain":0,"player_choice":"Fight","damage_taken":0,"max_hp_gain":0,"max_hp_loss":0,"event_name":"MindBloom","floor":36,"gold_loss":0},{"cards_removed":["Bite"],"damage_healed":0,"gold_gain":0,"player_choice":"Removed Attack","damage_taken":0,"max_hp_gain":0,"max_hp_loss":0,"event_name":"Falling","floor":39,"gold_loss":0},{"damage_healed":0,"gold_gain":0,"player_choice":"Ignored","damage_taken":0,"max_hp_gain":0,"max_hp_loss":0,"event_name":"Tomb of Lord Red Mask","floor":41,"gold_loss":0}],"is_beta":false,"boss_relics":[{"not_picked":["Runic Dome","Ectoplasm"],"picked":"Cursed Key"},{"not_picked":["Calling Bell","Busted Crown"],"picked":"SlaversCollar"}],"items_purged_floors":[46,54],"is_endless":false,"potions_floor_spawned":[1,2,8,11,20,21,29,33,38,42,47,48,55],"ascension_level":20}