{"gold_per_floor":[17,29,29,52,71,71,111,135,159,182,207,207,207,243,243,339,339,357,390,390,390,144,144,179,194,194,219,239,257,257,290,290,384,384,405,705,729,729],"floor_reached":38,"playtime":3738,"items_purged":["Strike_G"],"score":856,"play_id":"cfeb6013-871d-477b-8af4-1cb683906e59","local_time":"20220210191558","is_ascension_mode":true,"campfire_choices":[{"data":"The Bomb","floor":6,"key":"SMITH"},{"data":"Calculated Gamble","floor":12,"key":"SMITH"},{"data":"Noxious Fumes","floor":15,"key":"SMITH"},{"data":"Crippling Poison","floor":23,"key":"SMITH"},{"data":"Well Laid Plans","floor":30,"key":"SMITH"},{"floor":32,"key":"REST"}],"neow_cost":"NO_GOLD","seed_source_timestamp":1961934381807000,"circlet_count":0,"master_deck":["AscendersBane","Strike_G","Strike_G","Strike_G","Defend_G","Defend_G","Defend_G","Defend_G","Defend_G","Survivor","Neutralize","The Bomb+1","Backstab","Calculated Gamble+1","PiercingWail","Noxious Fumes+1","Bane","Calculated Gamble","Well Laid Plans+1","Crippling Poison+1","Outmaneuver+1","Backflip+1","PiercingWail+1","PiercingWail","Wraith Form v2","Deadly Poison+1","Bouncing Flask"],"relics":["Ring of the Snake","Golden Idol","Bottled Flame","Art of War","MealTicket","Snecko Eye","Red Mask","Toy Ornithopter","Regal Pillow","Coffee Dripper"],"potions_floor_usage":[7,14,14,14,14,19,24,27,29,33],"damage_taken":[{"damage":0,"enemies":"2 Louse","floor":1,"turns":5},{"damage":8,"enemies":"Small Slimes","floor":2,"turns":4},{"damage":2,"enemies":"Jaw Worm","floor":4,"turns":5},{"damage":4,"enemies":"Red Slaver","floor":5,"turns":3},{"damage":3,"enemies":"3 Sentries","floor":7,"turns":3},{"damage":5,"enemies":"Gremlin Gang","floor":8,"turns":4},{"damage":0,"enemies":"Exordium Wildlife","floor":10,"turns":4},{"damage":3,"enemies":"Blue Slaver","floor":11,"turns":3},{"damage":3,"enemies":"Gremlin Nob","floor":14,"turns":3},{"damage":22,"enemies":"Hexaghost","floor":16,"turns":8},{"damage":0,"enemies":"3 Byrds","floor":18,"turns":3},{"damage":28,"enemies":"Masked Bandits","floor":19,"turns":3},{"damage":29,"enemies":"Gremlin Leader","floor":24,"turns":4},{"damage":11,"enemies":"Shell Parasite","floor":25,"turns":5},{"damage":7,"enemies":"3 Cultists","floor":27,"turns":4},{"damage":3,"enemies":"Snecko","floor":28,"turns":4},{"damage":0,"enemies":"Chosen and Byrds","floor":29,"turns":4},{"damage":20,"enemies":"Book of Stabbing","floor":31,"turns":8},{"damage":42,"enemies":"Automaton","floor":33,"turns":10},{"damage":0,"enemies":"Orb Walker","floor":35,"turns":4},{"damage":0,"enemies":"3 Darklings","floor":37,"turns":4},{"damage":64,"enemies":"Spire Growth","floor":38,"turns":5}],"seed_played":"1447857475040739824","potions_obtained":[{"floor":4,"key":"EssenceOfSteel"},{"floor":5,"key":"ColorlessPotion"},{"floor":8,"key":"EntropicBrew"},{"floor":16,"key":"CunningPotion"},{"floor":24,"key":"LiquidMemories"},{"floor":25,"key":"Explosive Potion"},{"floor":27,"key":"BlessingOfTheForge"},{"floor":37,"key":"BlessingOfTheForge"}],"is_trial":false,"path_per_floor":["M","M","?","M","M","R","E","M","T","M","M","R","?","E","R","B",null,"M","?","?","?","$","R","E","M","T","M","M","M","R","E","R","B",null,"M","?","M","M"],"character_chosen":"THE_SILENT","items_purchased":["Crippling Poison","DuplicationPotion"],"campfire_rested":1,"item_purchase_floors":[22,22],"current_hp_per_floor":[59,51,51,49,45,45,42,37,37,37,34,34,34,31,31,9,47,47,19,19,70,70,70,41,30,30,28,25,30,30,10,46,9,55,55,55,55,0],"gold":729,"neow_bonus":"RANDOM_COLORLESS_2","is_prod":false,"is_daily":false,"chose_seed":false,"campfire_upgraded":5,"win_rate":0,"timestamp":1644538558,"path_taken":["M","M","?","M","M","R","E","M","T","M","M","R","?","E","R","BOSS","M","?","?","?","$","R","E","M","T","M","M","M","R","E","R","BOSS","M","?","?","M"],"build_version":"2020-12-22","purchased_purges":1,"victory":false,"max_hp_per_floor":[66,66,60,60,60,60,60,60,60,60,60,60,60,60,60,60,60,60,60,60,70,70,70,70,70,70,70,70,70,70,70,70,70,70,70,70,70,70],"relic_stats":{"Bottled Flame":"Backstab","Regal Pillow":15,"counters":[22,100],"Golden Idol":127,"Snecko Eye":[134,107,143,156,-356],"MealTicket":0,"Art of War":[36],"obtain_stats":[{"Bottled Flame":7,"Regal Pillow":31,"Golden Idol":3,"Snecko Eye":17,"MealTicket":14,"Art of War":9,"Red Mask":19,"Coffee Dripper":34,"Toy Ornithopter":24,"Ring of the Snake":0},{"Bottled Flame":5,"Regal Pillow":18,"Golden Idol":2,"Snecko Eye":10,"MealTicket":9,"Art of War":6,"Red Mask":12,"Coffee Dripper":19,"Toy Ornithopter":13,"Ring of the Snake":0},{"Bottled Flame":20,"Regal Pillow":77,"Golden Idol":9,"Snecko Eye":42,"MealTicket":34,"Art of War":24,"Red Mask":48,"Coffee Dripper":87,"Toy Ornithopter":52,"Ring of the Snake":0}],"Toy Ornithopter":15,"Ring of the Snake":[44]},"card_choices":[{"not_picked":["Panache","Secret Weapon"],"picked":"The Bomb","floor":0},{"not_picked":["Sucker Punch","Dodge and Roll"],"picked":"Backstab","floor":1},{"not_picked":["Outmaneuver","Quick Slash","Slice"],"picked":"SKIP","floor":2},{"not_picked":["Reflex","PiercingWail"],"picked":"Calculated Gamble","floor":4},{"not_picked":["Cloak And Dagger","Underhanded Strike"],"picked":"PiercingWail","floor":5},{"not_picked":["Dagger Spray","Slice","PiercingWail"],"picked":"SKIP","floor":7},{"not_picked":["All Out Attack","Caltrops"],"picked":"Noxious Fumes","floor":8},{"not_picked":["Poisoned Stab","Bane","Flying Knee"],"picked":"SKIP","floor":10},{"not_picked":["Underhanded Strike","Expertise","Prepared"],"picked":"SKIP","floor":11},{"not_picked":["Grand Finale","Finisher"],"picked":"Calculated Gamble","floor":14},{"not_picked":["Grand Finale","Phantasmal Killer"],"picked":"Tools of the Trade","floor":16},{"not_picked":["Blade Dance","Bane","Slice"],"picked":"SKIP","floor":18},{"not_picked":["Dodge and Roll","Flying Knee+1"],"picked":"Well Laid Plans","floor":19},{"not_picked":["Bane","Expertise","Underhanded Strike"],"picked":"SKIP","floor":24},{"not_picked":["Bane","Expertise","Underhanded Strike"],"picked":"SKIP","floor":24},{"not_picked":["Phantasmal Killer","Bane"],"picked":"Outmaneuver+1","floor":25},{"not_picked":["Cloak And Dagger","Quick Slash"],"picked":"Backflip+1","floor":27},{"not_picked":["Deadly Poison+1","Bane+1"],"picked":"PiercingWail+1","floor":28},{"not_picked":["Cloak And Dagger","Blade Dance"],"picked":"PiercingWail","floor":29},{"not_picked":["Outmaneuver","Flying Knee","Envenom"],"picked":"SKIP","floor":31},{"not_picked":["Corpse Explosion","Grand Finale"],"picked":"Wraith Form v2","floor":33},{"not_picked":["Blade Dance+1","Endless Agony"],"picked":"Deadly Poison+1","floor":35},{"not_picked":["Accuracy+1","Escape Plan"],"picked":"Bouncing Flask","floor":37}],"player_experience":6217925,"relics_obtained":[{"floor":7,"key":"Bottled Flame"},{"floor":9,"key":"Art of War"},{"floor":14,"key":"MealTicket"},{"floor":19,"key":"Red Mask"},{"floor":24,"key":"Toy Ornithopter"},{"floor":31,"key":"Regal Pillow"}],"event_choices":[{"damage_healed":0,"gold_gain":0,"player_choice":"Lose Max HP","damage_taken":0,"relics_obtained":["Golden Idol"],"max_hp_gain":0,"max_hp_loss":6,"event_name":"Golden Idol","floor":3,"gold_loss":0},{"damage_healed":0,"gold_gain":0,"cards_transformed":["Strike_G"],"player_choice":"Change","damage_taken":0,"max_hp_gain":0,"max_hp_loss":0,"event_name":"Living Wall","floor":13,"gold_loss":0,"cards_obtained":["Bane"]},{"damage_healed":0,"gold_gain":0,"player_choice":"Fought Bandits","damage_taken":0,"max_hp_gain":0,"max_hp_loss":0,"event_name":"Masked Bandits","floor":19,"gold_loss":0},{"damage_healed":0,"gold_gain":0,"player_choice":"Ignored","damage_taken":0,"max_hp_gain":0,"max_hp_loss":0,"event_name":"The Mausoleum","floor":20,"gold_loss":0},{"cards_removed":["Tools of the Trade"],"damage_healed":41,"gold_gain":0,"player_choice":"Offered Rare","damage_taken":0,"max_hp_gain":10,"max_hp_loss":0,"event_name":"Bonfire Elementals","floor":21,"gold_loss":0},{"damage_healed":0,"gold_gain":300,"player_choice":"Gold","damage_taken":0,"max_hp_gain":0,"max_hp_loss":0,"event_name":"Wheel of Change","floor":36,"gold_loss":0}],"is_beta":false,"boss_relics":[{"not_picked":["Tiny House","Fusion Hammer"],"picked":"Snecko Eye"},{"not_picked":["Empty Cage","Sozu"],"picked":"Coffee Dripper"}],"items_purged_floors":[22],"is_endless":false,"potions_floor_spawned":[4,5,8,16,24,25,27,37],"killed_by":"Spire Growth","ascension_level":20}