{"gold_per_floor":[111,111,131,30,43,43,43,43,43,63,63,92,104,129,129,206,206,216,216,229,248,53,53,65,97,150,150,184,203,203,221,221,292,292,302,302,302,130,142,177,177,211,284,299,312,330,330,156,156,156,156,156,156,1,26,26],"floor_reached":57,"playtime":6842,"items_purged":["Strike_G","Defend_G"],"score":2699,"play_id":"1019ed6f-2c84-4d56-b2d2-a53ced95c234","local_time":"20220209142925","is_ascension_mode":true,"campfire_choices":[{"data":"Deadly Poison","floor":6,"key":"SMITH"},{"data":"Crippling Poison","floor":8,"key":"SMITH"},{"data":"Catalyst","floor":15,"key":"SMITH"},{"data":"Outmaneuver","floor":23,"key":"SMITH"},{"data":"Strike_G","floor":27,"key":"PURGE"},{"data":"Defend_G","floor":32,"key":"PURGE"},{"floor":41,"key":"REST"},{"floor":49,"key":"RECALL"},{"data":"Well Laid Plans","floor":53,"key":"SMITH"}],"neow_cost":"NONE","seed_source_timestamp":1855217572459600,"circlet_count":0,"master_deck":["AscendersBane","Defend_G","Defend_G","Survivor","Neutralize+1","Backflip","Deadly Poison+1","Outmaneuver+1","Calculated Gamble","Crippling Poison+1","Deadly Poison","Dagger Throw","Crippling Poison+1","Catalyst+1","Die Die Die+1","Acrobatics+1","Blur+1","Bane+1","Eviscerate+1","PiercingWail","Prepared+1","Noxious Fumes","Setup+1","Acrobatics","Bouncing Flask","Deflect+1","Leg Sweep","Malaise","Well Laid Plans+1"],"relics":["Ring of the Snake","Bag of Preparation","Omamori","Regal Pillow","Astrolabe","Nilry\u0027s Codex","Lee\u0027s Waffle","Peace Pipe","Pear","Orichalcum","SlaversCollar","OrangePellets","Whetstone","Pantograph","Letter Opener","CaptainsWheel"],"potions_floor_usage":[5,12,14,16,20,24,25,31,33,45,45,55,56,56],"damage_taken":[{"damage":10,"enemies":"Jaw Worm","floor":1,"turns":7},{"damage":1,"enemies":"Cultist","floor":3,"turns":4},{"damage":0,"enemies":"2 Louse","floor":5,"turns":4},{"damage":0,"enemies":"2 Fungi Beasts","floor":10,"turns":3},{"damage":17,"enemies":"Gremlin Nob","floor":12,"turns":4},{"damage":0,"enemies":"3 Louse","floor":13,"turns":6},{"damage":22,"enemies":"3 Sentries","floor":14,"turns":7},{"damage":9,"enemies":"The Guardian","floor":16,"turns":6},{"damage":0,"enemies":"Spheric Guardian","floor":18,"turns":3},{"damage":0,"enemies":"Chosen","floor":20,"turns":3},{"damage":22,"enemies":"Shelled Parasite and Fungi","floor":21,"turns":5},{"damage":11,"enemies":"3 Cultists","floor":24,"turns":4},{"damage":15,"enemies":"Slavers","floor":25,"turns":3},{"damage":5,"enemies":"Gremlin Leader","floor":28,"turns":6},{"damage":0,"enemies":"Cultist and Chosen","floor":29,"turns":3},{"damage":0,"enemies":"Centurion and Healer","floor":31,"turns":3},{"damage":37,"enemies":"Automaton","floor":33,"turns":12},{"damage":2,"enemies":"3 Shapes","floor":35,"turns":3},{"damage":0,"enemies":"Orb Walker","floor":39,"turns":3},{"damage":27,"enemies":"Giant Head","floor":40,"turns":7},{"damage":35,"enemies":"Reptomancer","floor":42,"turns":5},{"damage":18,"enemies":"Writhing Mass","floor":44,"turns":6},{"damage":2,"enemies":"Sphere and 2 Shapes","floor":45,"turns":5},{"damage":2,"enemies":"Transient","floor":46,"turns":6},{"damage":26,"enemies":"Awakened One","floor":50,"turns":16},{"damage":43,"enemies":"Time Eater","floor":51,"turns":15},{"damage":44,"enemies":"Shield and Spear","floor":55,"turns":8},{"damage":59,"enemies":"The Heart","floor":56,"turns":8}],"seed_played":"-5439059905810417534","potions_obtained":[{"floor":1,"key":"Block Potion"},{"floor":3,"key":"DuplicationPotion"},{"floor":14,"key":"EntropicBrew"},{"floor":18,"key":"Fruit Juice"},{"floor":21,"key":"SpeedPotion"},{"floor":24,"key":"SkillPotion"},{"floor":28,"key":"Explosive Potion"},{"floor":35,"key":"FearPotion"},{"floor":44,"key":"DistilledChaos"},{"floor":45,"key":"Block Potion"},{"floor":55,"key":"SkillPotion"}],"is_trial":false,"path_per_floor":["M","?","M","$","M","R","?","R","T","M","?","E","M","E","R","B",null,"M","?","M","M","$","R","M","E","T","R","E","M","?","M","R","B",null,"M","?","$","$","M","E","R","E","T","M","M","M","?","$","R","B","B",null,"R","$","E","B",null],"character_chosen":"THE_SILENT","items_purchased":["Outmaneuver","Lee\u0027s Waffle","PiercingWail","OrangePellets","Malaise","Well Laid Plans","BlessingOfTheForge"],"campfire_rested":1,"item_purchase_floors":[4,22,22,38,48,48,54],"current_hp_per_floor":[55,60,59,59,59,59,59,59,59,59,52,35,35,13,13,4,59,59,38,38,16,84,84,78,63,63,63,68,68,68,68,68,31,82,80,80,80,80,80,53,97,62,62,44,42,40,40,40,40,39,21,80,80,80,36,2],"gold":26,"neow_bonus":"TEN_PERCENT_HP_BONUS","is_prod":false,"is_daily":false,"chose_seed":false,"campfire_upgraded":5,"win_rate":0,"timestamp":1644434965,"path_taken":["M","?","M","$","M","R","?","R","T","?","?","E","M","E","R","BOSS","M","?","M","M","$","R","M","E","T","R","E","M","?","M","R","BOSS","M","?","?","$","?","E","R","E","T","M","M","M","?","?","R","BOSS","BOSS","R","$","E","BOSS"],"build_version":"2020-12-22","purchased_purges":2,"victory":true,"max_hp_per_floor":[72,77,77,77,77,77,77,77,77,77,77,77,77,77,77,77,77,77,77,77,77,84,84,89,89,89,89,99,99,99,99,99,99,99,99,99,99,99,99,99,99,99,99,99,99,99,99,99,99,99,99,99,99,99,99,99],"relic_stats":{"Regal Pillow":15,"Lee\u0027s Waffle":68,"counters":[28,165],"Nilry\u0027s Codex":[6,30,21,62],"Astrolabe":["Acrobatics","Blur","Bane"],"Bag of Preparation":[50],"Omamori":1,"Whetstone":["Die Die Die","Neutralize"],"Letter Opener":[299],"Orichalcum":[168],"Peace Pipe":2,"OrangePellets":[3],"Pantograph":75,"obtain_stats":[{"Regal Pillow":14,"Lee\u0027s Waffle":22,"Pear":28,"Nilry\u0027s Codex":19,"Astrolabe":17,"Bag of Preparation":9,"Omamori":12,"Whetstone":40,"Letter Opener":43,"Orichalcum":30,"Peace Pipe":25,"SlaversCollar":34,"OrangePellets":38,"CaptainsWheel":55,"Pantograph":42,"Ring of the Snake":0},{"Regal Pillow":7,"Lee\u0027s Waffle":11,"Pear":14,"Nilry\u0027s Codex":9,"Astrolabe":8,"Bag of Preparation":3,"Omamori":5,"Whetstone":20,"Letter Opener":21,"Orichalcum":15,"Peace Pipe":13,"SlaversCollar":17,"OrangePellets":18,"CaptainsWheel":27,"Pantograph":21,"Ring of the Snake":0},{"Regal Pillow":35,"Lee\u0027s Waffle":52,"Pear":65,"Nilry\u0027s Codex":44,"Astrolabe":41,"Bag of Preparation":15,"Omamori":22,"Whetstone":96,"Letter Opener":101,"Orichalcum":68,"Peace Pipe":59,"SlaversCollar":83,"OrangePellets":86,"CaptainsWheel":157,"Pantograph":101,"Ring of the Snake":0}],"Ring of the Snake":[56]},"card_choices":[{"not_picked":["Cloak And Dagger","Slice"],"picked":"Backflip","floor":1},{"not_picked":["Concentrate","Dodge and Roll"],"picked":"Deadly Poison","floor":3},{"not_picked":["Deflect","Backflip"],"picked":"Calculated Gamble","floor":5},{"not_picked":["Infinite Blades","Reflex"],"picked":"Deadly Poison","floor":10},{"not_picked":["Masterful Stab","Endless Agony"],"picked":"Dagger Throw","floor":12},{"not_picked":["Expertise","Choke"],"picked":"Crippling Poison","floor":13},{"not_picked":["Venomology","Riddle With Holes"],"picked":"Catalyst","floor":14},{"not_picked":["Tools of the Trade","Unload"],"picked":"Die Die Die","floor":16},{"not_picked":["Outmaneuver","Bane","Deadly Poison"],"picked":"SKIP","floor":18},{"not_picked":["Outmaneuver","Bane","Deadly Poison"],"picked":"SKIP","floor":18},{"not_picked":["Blade Dance","Underhanded Strike","Quick Slash"],"picked":"SKIP","floor":20},{"not_picked":["Riddle With Holes","Blade Dance"],"picked":"Eviscerate+1","floor":21},{"not_picked":["Setup","Quick Slash","Dagger Spray"],"picked":"SKIP","floor":24},{"not_picked":["Dagger Throw","Night Terror"],"picked":"Prepared+1","floor":25},{"not_picked":["Grand Finale","Flechettes"],"picked":"Noxious Fumes","floor":28},{"not_picked":["Underhanded Strike","Dodge and Roll","Predator"],"picked":"SKIP","floor":29},{"not_picked":["Riddle With Holes","Prepared"],"picked":"Setup+1","floor":31},{"not_picked":["Finisher+1","Deadly Poison"],"picked":"Acrobatics","floor":35},{"not_picked":["Caltrops+1","Setup","Sucker Punch"],"picked":"SKIP","floor":39},{"not_picked":["Outmaneuver","Underhanded Strike","Skewer"],"picked":"SKIP","floor":40},{"not_picked":["Backflip","Envenom"],"picked":"Bouncing Flask","floor":42},{"not_picked":["Backflip","Skewer","Blur"],"picked":"SKIP","floor":44},{"not_picked":["Blur","Acrobatics+1"],"picked":"Deflect+1","floor":45},{"not_picked":["Dodge and Roll","Endless Agony"],"picked":"Leg Sweep","floor":46},{"not_picked":["Backflip","Poisoned Stab","Glass Knife"],"picked":"SKIP","floor":55}],"player_experience":6174349,"relics_obtained":[{"floor":9,"key":"Bag of Preparation"},{"floor":12,"key":"Omamori"},{"floor":14,"key":"Regal Pillow"},{"floor":19,"key":"Nilry\u0027s Codex"},{"floor":25,"key":"Peace Pipe"},{"floor":28,"key":"Pear"},{"floor":40,"key":"Whetstone"},{"floor":42,"key":"Pantograph"},{"floor":43,"key":"Letter Opener"},{"floor":55,"key":"CaptainsWheel"}],"event_choices":[{"damage_healed":0,"gold_gain":0,"player_choice":"Donut","damage_taken":0,"max_hp_gain":5,"max_hp_loss":0,"event_name":"Big Fish","floor":2,"gold_loss":0},{"damage_healed":0,"gold_gain":0,"player_choice":"1 cards matched","damage_taken":0,"max_hp_gain":0,"max_hp_loss":0,"event_name":"Match and Keep!","floor":7,"gold_loss":0,"cards_obtained":["Crippling Poison"]},{"damage_healed":0,"gold_gain":0,"player_choice":"1 cards matched","damage_taken":0,"max_hp_gain":0,"max_hp_loss":0,"event_name":"Match and Keep!","floor":7,"gold_loss":0,"cards_obtained":["Crippling Poison"]},{"cards_removed":["Defend_G"],"damage_healed":0,"gold_gain":0,"player_choice":"Card Removal","damage_taken":7,"max_hp_gain":0,"max_hp_loss":0,"event_name":"Golden Wing","floor":11,"gold_loss":0},{"damage_healed":0,"gold_gain":0,"player_choice":"Obtained Book","damage_taken":21,"max_hp_gain":0,"max_hp_loss":0,"event_name":"Cursed Tome","floor":19,"gold_loss":0},{"damage_healed":0,"gold_gain":0,"player_choice":"Stole Relic","damage_taken":0,"relics_obtained":["Orichalcum"],"max_hp_gain":0,"max_hp_loss":0,"event_name":"Addict","floor":30,"gold_loss":0,"cards_obtained":["Shame"]},{"damage_healed":0,"gold_gain":0,"player_choice":"Upgraded","damage_taken":0,"max_hp_gain":0,"max_hp_loss":0,"event_name":"Upgrade Shrine","floor":36,"gold_loss":0,"cards_upgraded":["Crippling Poison"]},{"damage_healed":0,"gold_gain":0,"player_choice":"Ignored","damage_taken":0,"max_hp_gain":0,"max_hp_loss":0,"event_name":"SecretPortal","floor":47,"gold_loss":0}],"is_beta":false,"boss_relics":[{"not_picked":["Tiny House","Black Star"],"picked":"Astrolabe"},{"not_picked":["Runic Dome","Pandora\u0027s Box"],"picked":"SlaversCollar"}],"items_purged_floors":[4,54],"is_endless":false,"potions_floor_spawned":[1,3,14,18,21,24,28,35,44,45,55],"ascension_level":20}