{"gold_per_floor":[115,134,144,69,81,81,116,116,140,155,173,45,75,75,75,149,149,163,183,30,30,30,30,30,30,30,64,75,75,0,29,29,100,100,115,115,115,134,154,184,184,209,261,261,273,302,302,346,346,346,346,346,346,9,47,47],"floor_reached":57,"playtime":5187,"items_purged":["Defend_G","Strike_G","Strike_G","Strike_G"],"score":3232,"play_id":"95881b15-ef78-4e11-9c49-3a7733029ecb","local_time":"20220204200807","is_ascension_mode":true,"campfire_choices":[{"data":"All Out Attack","floor":6,"key":"SMITH"},{"data":"Calculated Gamble","floor":8,"key":"SMITH"},{"data":"Prepared","floor":15,"key":"SMITH"},{"floor":23,"key":"REST"},{"data":"Phantasmal Killer","floor":25,"key":"SMITH"},{"data":"Terror","floor":29,"key":"SMITH"},{"data":"Neutralize","floor":32,"key":"SMITH"},{"data":"Footwork","floor":41,"key":"SMITH"},{"data":"Madness","floor":44,"key":"SMITH"},{"floor":47,"key":"RECALL"},{"data":"Backflip","floor":49,"key":"SMITH"},{"data":"Underhanded Strike","floor":53,"key":"SMITH"}],"neow_cost":"TEN_PERCENT_HP_LOSS","seed_source_timestamp":1445209364936500,"circlet_count":0,"master_deck":["AscendersBane","Defend_G","Defend_G","Defend_G","Survivor","Neutralize+1","All Out Attack+1","Backflip","Terror+1","Calculated Gamble+1","Backflip+1","Predator","PiercingWail","Underhanded Strike+1","Prepared+1","Phantasmal Killer+1","Dagger Throw","PiercingWail","Calculated Gamble","Tools of the Trade","Dash+1","Madness","Madness+1","Footwork+1","Dash+1","Blur","Acrobatics+1","Footwork+1","Caltrops","PiercingWail","Underhanded Strike","Outmaneuver+1"],"relics":["Ring of the Snake","PreservedInsect","Omamori","Orichalcum","Happy Flower","SlaversCollar","Nilry\u0027s Codex","Meat on the Bone","Ice Cream","Gambling Chip","Runic Pyramid","Pantograph","Toy Ornithopter","CeramicFish","Bottled Lightning","Turnip"],"potions_floor_usage":[7,16,56],"damage_taken":[{"damage":0,"enemies":"2 Louse","floor":1,"turns":5},{"damage":1,"enemies":"Jaw Worm","floor":2,"turns":3},{"damage":1,"enemies":"Small Slimes","floor":3,"turns":6},{"damage":7,"enemies":"3 Louse","floor":5,"turns":3},{"damage":2,"enemies":"3 Sentries","floor":7,"turns":5},{"damage":0,"enemies":"Large Slime","floor":10,"turns":4},{"damage":11,"enemies":"Exordium Wildlife","floor":11,"turns":4},{"damage":0,"enemies":"Gremlin Nob","floor":13,"turns":2},{"damage":6,"enemies":"Hexaghost","floor":16,"turns":8},{"damage":0,"enemies":"Chosen","floor":18,"turns":2},{"damage":17,"enemies":"Shell Parasite","floor":19,"turns":4},{"damage":0,"enemies":"Book of Stabbing","floor":27,"turns":3},{"damage":6,"enemies":"Snecko","floor":28,"turns":6},{"damage":0,"enemies":"Gremlin Leader","floor":31,"turns":3},{"damage":0,"enemies":"Champ","floor":33,"turns":17},{"damage":0,"enemies":"Orb Walker","floor":35,"turns":2},{"damage":14,"enemies":"3 Darklings","floor":38,"turns":4},{"damage":18,"enemies":"Spire Growth","floor":39,"turns":4},{"damage":8,"enemies":"Nemesis","floor":40,"turns":5},{"damage":0,"enemies":"Giant Head","floor":42,"turns":4},{"damage":0,"enemies":"Transient","floor":45,"turns":6},{"damage":0,"enemies":"Nemesis","floor":46,"turns":3},{"damage":0,"enemies":"Reptomancer","floor":48,"turns":5},{"damage":0,"enemies":"Time Eater","floor":50,"turns":13},{"damage":5,"enemies":"Donu and Deca","floor":51,"turns":13},{"damage":20,"enemies":"Shield and Spear","floor":55,"turns":9},{"damage":45,"enemies":"The Heart","floor":56,"turns":13}],"seed_played":"-2365673210250015631","potions_obtained":[{"floor":1,"key":"CunningPotion"},{"floor":2,"key":"Strength Potion"},{"floor":7,"key":"SteroidPotion"},{"floor":27,"key":"Fire Potion"},{"floor":33,"key":"GamblersBrew"},{"floor":39,"key":"Dexterity Potion"}],"is_trial":false,"path_per_floor":["M","M","M","$","M","R","E","R","T","M","M","$","E","?","R","B",null,"M","M","$","?","?","R","?","R","T","E","M","R","?","E","R","B",null,"M","?","?","M","M","E","R","E","T","R","M","E","R","E","R","B","B",null,"R","$","E","B",null],"character_chosen":"THE_SILENT","items_purchased":["Underhanded Strike","Dagger Throw","Caltrops","PiercingWail","Underhanded Strike","Strength Potion"],"campfire_rested":1,"item_purchase_floors":[12,20,54,54,54,54],"current_hp_per_floor":[59,58,57,57,50,50,48,48,48,48,37,37,37,37,37,31,53,53,36,36,15,15,33,33,33,33,33,39,39,39,39,39,39,55,55,55,44,42,36,40,40,40,40,40,40,40,40,40,40,60,55,59,59,59,39,32],"gold":47,"neow_bonus":"REMOVE_TWO","is_prod":false,"is_daily":false,"chose_seed":false,"campfire_upgraded":10,"win_rate":0,"timestamp":1644023287,"path_taken":["M","M","M","$","M","R","E","R","T","M","M","$","E","?","R","BOSS","M","M","$","?","?","R","?","R","T","E","M","R","?","E","R","BOSS","M","?","?","?","M","E","R","E","T","R","M","E","R","E","R","BOSS","BOSS","R","$","E","BOSS"],"build_version":"2020-12-22","purchased_purges":4,"victory":true,"max_hp_per_floor":[60,60,60,60,60,60,60,60,60,60,60,60,60,60,60,60,60,60,60,60,60,60,60,60,60,60,60,60,60,60,60,60,60,60,60,60,60,60,60,60,60,60,60,60,60,60,60,60,60,60,60,60,60,60,60,60],"relic_stats":{"Ice Cream":[309],"Happy Flower":[41],"counters":[27,156],"Nilry\u0027s Codex":[4,30,13,48],"CeramicFish":45,"PreservedInsect":479,"Omamori":1,"Orichalcum":[132],"Gambling Chip":[37],"Pantograph":41,"Turnip":[2],"Bottled Lightning":"Calculated Gamble","obtain_stats":[{"Ice Cream":27,"Happy Flower":14,"Nilry\u0027s Codex":21,"CeramicFish":46,"PreservedInsect":7,"Omamori":9,"Orichalcum":13,"SlaversCollar":17,"Gambling Chip":31,"Pantograph":40,"Turnip":55,"Bottled Lightning":48,"Toy Ornithopter":42,"Ring of the Snake":0,"Meat on the Bone":26,"Runic Pyramid":34},{"Ice Cream":12,"Happy Flower":8,"Nilry\u0027s Codex":11,"CeramicFish":22,"PreservedInsect":5,"Omamori":5,"Orichalcum":8,"SlaversCollar":9,"Gambling Chip":14,"Pantograph":19,"Turnip":26,"Bottled Lightning":23,"Toy Ornithopter":20,"Ring of the Snake":0,"Meat on the Bone":11,"Runic Pyramid":15},{"Ice Cream":49,"Happy Flower":32,"Nilry\u0027s Codex":46,"CeramicFish":103,"PreservedInsect":22,"Omamori":22,"Orichalcum":32,"SlaversCollar":40,"Gambling Chip":58,"Pantograph":90,"Turnip":143,"Bottled Lightning":108,"Toy Ornithopter":94,"Ring of the Snake":0,"Meat on the Bone":46,"Runic Pyramid":75}],"Toy Ornithopter":5,"Ring of the Snake":[54],"Meat on the Bone":60},"card_choices":[{"not_picked":["Escape Plan","Leg Sweep"],"picked":"All Out Attack","floor":1},{"not_picked":["Dagger Spray","Riddle With Holes"],"picked":"Backflip","floor":2},{"not_picked":["Underhanded Strike","Dodge and Roll"],"picked":"Terror","floor":3},{"not_picked":["Dodge and Roll","Cloak And Dagger"],"picked":"Calculated Gamble","floor":5},{"not_picked":["Burst","Deflect"],"picked":"Backflip","floor":7},{"not_picked":["PiercingWail","Bane"],"picked":"Predator","floor":10},{"not_picked":["Caltrops","Predator"],"picked":"PiercingWail","floor":11},{"not_picked":["Distraction","Corpse Explosion"],"picked":"Prepared","floor":13},{"not_picked":["Tools of the Trade","Adrenaline"],"picked":"Phantasmal Killer","floor":16},{"not_picked":["Cloak And Dagger","Dodge and Roll","Underhanded Strike"],"picked":"SKIP","floor":18},{"not_picked":["Dagger Spray","Bane","Underhanded Strike"],"picked":"SKIP","floor":19},{"not_picked":["Crippling Poison","Distraction+1"],"picked":"Calculated Gamble","floor":27},{"not_picked":["Bane","Poisoned Stab","Infinite Blades"],"picked":"SKIP","floor":28},{"not_picked":["Unload","All Out Attack","Crippling Poison+1"],"picked":"SKIP","floor":31},{"not_picked":["Storm of Steel","Doppelganger"],"picked":"Tools of the Trade","floor":33},{"not_picked":["Bouncing Flask+1","Sucker Punch"],"picked":"Dash+1","floor":35},{"not_picked":["Bane","Noxious Fumes"],"picked":"Footwork","floor":38},{"not_picked":["Skewer","Finisher","Slice"],"picked":"SKIP","floor":39},{"not_picked":["Catalyst","Prepared"],"picked":"Dash+1","floor":40},{"not_picked":["Deflect","Underhanded Strike"],"picked":"Blur","floor":42},{"not_picked":["Dagger Spray","Riddle With Holes+1"],"picked":"Acrobatics+1","floor":45},{"not_picked":["Dagger Throw","Unload","Skewer"],"picked":"SKIP","floor":46},{"not_picked":["Choke","Dodge and Roll+1"],"picked":"Footwork+1","floor":48},{"not_picked":["Dodge and Roll","Dagger Throw"],"picked":"Outmaneuver+1","floor":55}],"player_experience":6144953,"relics_obtained":[{"floor":7,"key":"PreservedInsect"},{"floor":9,"key":"Omamori"},{"floor":13,"key":"Orichalcum"},{"floor":21,"key":"Nilry\u0027s Codex"},{"floor":26,"key":"Meat on the Bone"},{"floor":27,"key":"Ice Cream"},{"floor":31,"key":"Gambling Chip"},{"floor":40,"key":"Pantograph"},{"floor":42,"key":"Toy Ornithopter"},{"floor":46,"key":"CeramicFish"},{"floor":48,"key":"Bottled Lightning"},{"floor":55,"key":"Turnip"}],"event_choices":[{"damage_healed":0,"gold_gain":0,"player_choice":"Box","damage_taken":0,"relics_obtained":["Happy Flower"],"max_hp_gain":0,"max_hp_loss":0,"event_name":"Big Fish","floor":14,"gold_loss":0,"cards_obtained":["Regret"]},{"damage_healed":0,"gold_gain":0,"player_choice":"Obtained Book","damage_taken":21,"max_hp_gain":0,"max_hp_loss":0,"event_name":"Cursed Tome","floor":21,"gold_loss":0},{"damage_healed":0,"gold_gain":0,"player_choice":"Ignored","damage_taken":0,"max_hp_gain":0,"max_hp_loss":0,"event_name":"Vampires","floor":22,"gold_loss":0},{"damage_healed":0,"gold_gain":0,"player_choice":"Read","damage_taken":0,"max_hp_gain":0,"max_hp_loss":0,"event_name":"The Library","floor":24,"gold_loss":0,"cards_obtained":["PiercingWail"]},{"cards_removed":["Strike_G"],"damage_healed":0,"gold_gain":0,"player_choice":"Gave Gold","damage_taken":0,"max_hp_gain":0,"max_hp_loss":0,"event_name":"Beggar","floor":30,"gold_loss":75},{"damage_healed":0,"gold_gain":0,"player_choice":"Ignored","damage_taken":0,"max_hp_gain":0,"max_hp_loss":0,"event_name":"Tomb of Lord Red Mask","floor":36,"gold_loss":0},{"damage_healed":0,"gold_gain":0,"player_choice":"Embrace Madness","damage_taken":11,"max_hp_gain":0,"max_hp_loss":0,"event_name":"Winding Halls","floor":37,"gold_loss":0,"cards_obtained":["Madness","Madness"]}],"is_beta":false,"boss_relics":[{"not_picked":["Philosopher\u0027s Stone","Ring of the Serpent"],"picked":"SlaversCollar"},{"not_picked":["Snecko Eye","Tiny House"],"picked":"Runic Pyramid"}],"items_purged_floors":[4,12,20,54],"is_endless":false,"potions_floor_spawned":[1,2,7,27,33,35,39,55],"ascension_level":20}