{"gold_per_floor":[14,30,42,53,65,65,92,107,131,131,141,176,176,3,3,80,80,94,94,104,129,144,144,174,174,174,174,194,194,50,150,150,222,222,239,239,294,304,22,22,47,62,62,72,105,105,55,83,83,83,83,83,83,0,30,30],"floor_reached":57,"playtime":4993,"items_purged":["Strike_G","Strike_G","Strike_G"],"score":2840,"play_id":"5cbc1c16-3efc-4ef1-9aca-006518b230eb","local_time":"20220217181944","is_ascension_mode":true,"campfire_choices":[{"data":"Dagger Spray","floor":6,"key":"SMITH"},{"data":"Bane","floor":10,"key":"SMITH"},{"data":"Catalyst","floor":13,"key":"SMITH"},{"data":"Malaise","floor":15,"key":"SMITH"},{"data":"Bouncing Flask","floor":23,"key":"SMITH"},{"data":"Bouncing Flask","floor":25,"key":"SMITH"},{"floor":27,"key":"REST"},{"data":"Deadly Poison","floor":29,"key":"SMITH"},{"data":"Impatience","floor":32,"key":"SMITH"},{"floor":40,"key":"REST"},{"floor":46,"key":"RECALL"},{"floor":49,"key":"DIG"},{"floor":53,"key":"DIG"}],"neow_cost":"NO_GOLD","seed_source_timestamp":544304190984800,"circlet_count":0,"master_deck":["AscendersBane","Strike_G","Strike_G","Defend_G","Defend_G","Defend_G","Defend_G","Defend_G","Survivor","Neutralize","Bouncing Flask+1","Deadly Poison+1","Dagger Spray+1","Bane+1","Poisoned Stab","Malaise+1","Escape Plan","Catalyst+1","PiercingWail","Catalyst+1","Bouncing Flask+1","Impatience+1","Adrenaline","Corpse Explosion","Acrobatics","Outmaneuver+1","Crippling Poison","Acrobatics+1","PiercingWail","Catalyst"],"relics":["Ring of the Snake","Incense Burner","Pantograph","Ancient Tea Set","Smiling Mask","Strange Spoon","Black Star","Strawberry","Orichalcum","Anchor","Pocketwatch","HornCleat","Cursed Key","Shovel","Membership Card","Frozen Egg 2","MealTicket","Bag of Preparation","StoneCalendar","Art of War","Snake Skull","Toy Ornithopter","Blue Candle","White Beast Statue","Pen Nib"],"potions_floor_usage":[5,5,7,12,22,38,41,51,56],"damage_taken":[{"damage":0,"enemies":"Cultist","floor":1,"turns":4},{"damage":1,"enemies":"2 Louse","floor":2,"turns":4},{"damage":4,"enemies":"Small Slimes","floor":3,"turns":3},{"damage":2,"enemies":"2 Fungi Beasts","floor":4,"turns":4},{"damage":12,"enemies":"Exordium Wildlife","floor":5,"turns":6},{"damage":10,"enemies":"Lagavulin","floor":7,"turns":5},{"damage":1,"enemies":"Looter","floor":8,"turns":4},{"damage":0,"enemies":"Red Slaver","floor":11,"turns":3},{"damage":0,"enemies":"Gremlin Nob","floor":12,"turns":2},{"damage":5,"enemies":"The Guardian","floor":16,"turns":7},{"damage":3,"enemies":"Chosen","floor":18,"turns":4},{"damage":15,"enemies":"Shell Parasite","floor":20,"turns":4},{"damage":15,"enemies":"Sentry and Sphere","floor":22,"turns":9},{"damage":38,"enemies":"Gremlin Leader","floor":24,"turns":5},{"damage":1,"enemies":"Centurion and Healer","floor":28,"turns":5},{"damage":0,"enemies":"Colosseum Slavers","floor":31,"turns":5},{"damage":3,"enemies":"Colosseum Nobs","floor":31,"turns":5},{"damage":32,"enemies":"Collector","floor":33,"turns":5},{"damage":0,"enemies":"Orb Walker","floor":35,"turns":3},{"damage":0,"enemies":"2 Orb Walkers","floor":37,"turns":4},{"damage":33,"enemies":"3 Darklings","floor":38,"turns":4},{"damage":8,"enemies":"Reptomancer","floor":41,"turns":4},{"damage":3,"enemies":"4 Shapes","floor":42,"turns":4},{"damage":18,"enemies":"Spire Growth","floor":44,"turns":4},{"damage":12,"enemies":"Nemesis","floor":45,"turns":5},{"damage":8,"enemies":"Reptomancer","floor":48,"turns":3},{"damage":32,"enemies":"Awakened One","floor":50,"turns":14},{"damage":22,"enemies":"Time Eater","floor":51,"turns":2},{"damage":0,"enemies":"Shield and Spear","floor":55,"turns":4},{"damage":31,"enemies":"The Heart","floor":56,"turns":5}],"seed_played":"7667848490339249519","potions_obtained":[{"floor":2,"key":"SteroidPotion"},{"floor":3,"key":"SteroidPotion"},{"floor":4,"key":"EntropicBrew"},{"floor":7,"key":"FairyPotion"},{"floor":18,"key":"FearPotion"},{"floor":28,"key":"FairyPotion"},{"floor":37,"key":"SkillPotion"},{"floor":42,"key":"Poison Potion"}],"is_trial":false,"path_per_floor":["M","M","M","M","M","R","E","M","T","R","M","E","R","$","R","B",null,"M","?","M","T","M","R","E","R","T","R","M","R","$","?","R","B",null,"M","?","?","M","$","R","E","M","T","M","E","R","$","E","R","B","B",null,"R","$","E","B",null],"character_chosen":"THE_SILENT","items_purchased":["Strange Spoon","Impatience","Membership Card","Crippling Poison","DuplicationPotion","DuplicationPotion","Catalyst"],"campfire_rested":2,"item_purchase_floors":[14,30,39,39,39,54,54],"current_hp_per_floor":[59,58,54,52,40,40,30,29,29,29,29,29,29,29,29,49,62,59,59,44,51,36,36,21,21,21,42,41,41,41,38,38,31,63,63,63,63,30,30,51,43,40,40,22,10,10,25,17,17,10,18,59,59,73,73,42],"gold":30,"neow_bonus":"ONE_RARE_RELIC","is_prod":false,"is_daily":false,"chose_seed":false,"campfire_upgraded":8,"win_rate":0,"timestamp":1645139984,"path_taken":["M","M","?","?","M","R","E","M","T","R","M","E","R","$","R","BOSS","M","?","?","?","M","R","E","R","T","R","M","R","$","?","R","BOSS","M","?","?","M","$","R","E","M","T","M","E","R","?","E","R","BOSS","BOSS","R","$","E","BOSS"],"build_version":"2020-12-22","purchased_purges":3,"victory":true,"max_hp_per_floor":[66,66,66,66,66,66,66,66,66,66,66,66,66,66,66,66,66,66,66,66,73,73,73,73,73,73,73,73,73,73,73,73,73,73,73,73,73,73,73,73,73,73,73,73,73,73,73,73,73,73,73,73,73,73,73,73],"relic_stats":{"counters":[30,140],"Blue Candle":[0],"StoneCalendar":[52],"Snake Skull":[62],"Pen Nib":[0],"Bag of Preparation":[10],"Orichalcum":[156],"Ancient Tea Set":[20],"Smiling Mask":38,"Cursed Key":0,"White Beast Statue":[0.0,0.0,0.0,1.0,0.0,0.0,0.0,0.0,0.0,0.0,0.0,0.0],"Strange Spoon":[33],"Shovel":2,"Pantograph":100,"MealTicket":29,"Black Star":5,"Art of War":[17],"Membership Card":253,"obtain_stats":[{"StoneCalendar":45,"Snake Skull":48,"Incense Burner":0,"Bag of Preparation":45,"Ancient Tea Set":9,"Smiling Mask":12,"Cursed Key":34,"HornCleat":31,"Shovel":37,"Pantograph":7,"Strawberry":21,"MealTicket":41,"Ring of the Snake":0,"Blue Candle":53,"Pen Nib":55,"Orichalcum":24,"Frozen Egg 2":41,"White Beast Statue":55,"Strange Spoon":14,"Anchor":24,"Black Star":17,"Art of War":48,"Membership Card":39,"Toy Ornithopter":49,"Pocketwatch":31},{"StoneCalendar":25,"Snake Skull":26,"Incense Burner":0,"Bag of Preparation":25,"Ancient Tea Set":7,"Smiling Mask":9,"Cursed Key":18,"HornCleat":17,"Shovel":20,"Pantograph":6,"Strawberry":12,"MealTicket":22,"Ring of the Snake":0,"Blue Candle":28,"Pen Nib":29,"Orichalcum":14,"Frozen Egg 2":22,"White Beast Statue":29,"Strange Spoon":9,"Anchor":14,"Black Star":10,"Art of War":26,"Membership Card":21,"Toy Ornithopter":26,"Pocketwatch":17},{"StoneCalendar":112,"Snake Skull":115,"Incense Burner":0,"Bag of Preparation":112,"Ancient Tea Set":30,"Smiling Mask":35,"Cursed Key":84,"HornCleat":79,"Shovel":91,"Pantograph":26,"Strawberry":50,"MealTicket":99,"Ring of the Snake":0,"Blue Candle":131,"Pen Nib":135,"Orichalcum":64,"Frozen Egg 2":99,"White Beast Statue":135,"Strange Spoon":35,"Anchor":64,"Black Star":42,"Art of War":115,"Membership Card":95,"Toy Ornithopter":115,"Pocketwatch":79}],"Toy Ornithopter":5,"Ring of the Snake":[60],"Pocketwatch":[87]},"card_choices":[{"not_picked":["Quick Slash","Sucker Punch"],"picked":"Bouncing Flask","floor":1},{"not_picked":["Underhanded Strike","Tools of the Trade"],"picked":"Deadly Poison","floor":2},{"not_picked":["Acrobatics","Dodge and Roll"],"picked":"Dagger Spray","floor":3},{"not_picked":["Setup","Outmaneuver"],"picked":"Bane","floor":4},{"not_picked":["Riddle With Holes","Sucker Punch"],"picked":"Poisoned Stab","floor":5},{"not_picked":["Dagger Spray","Backflip"],"picked":"Malaise","floor":7},{"not_picked":["Outmaneuver","Finisher","Prepared"],"picked":"SKIP","floor":8},{"not_picked":["Poisoned Stab","Deadly Poison"],"picked":"Escape Plan","floor":11},{"not_picked":["Poisoned Stab","Accuracy"],"picked":"Catalyst","floor":12},{"not_picked":["Dagger Throw","Cloak And Dagger"],"picked":"PiercingWail","floor":18},{"not_picked":["Prepared","Quick Slash","Bane"],"picked":"SKIP","floor":20},{"not_picked":["Masterful Stab","Poisoned Stab"],"picked":"Bouncing Flask","floor":24},{"not_picked":["Dash","Sucker Punch","Dagger Spray"],"picked":"SKIP","floor":28},{"not_picked":["Backflip","Flying Knee"],"picked":"Adrenaline","floor":31},{"not_picked":["Grand Finale","Adrenaline"],"picked":"Corpse Explosion","floor":33},{"not_picked":["Concentrate","Flying Knee+1"],"picked":"Acrobatics","floor":35},{"not_picked":["Deflect+1","Predator"],"picked":"Outmaneuver+1","floor":38},{"not_picked":["Blade Dance+1","Deadly Poison"],"picked":"Acrobatics+1","floor":42},{"not_picked":["Infinite Blades+1","Underhanded Strike","Caltrops+1"],"picked":"SKIP","floor":44},{"not_picked":["Grand Finale","Flying Knee","Outmaneuver"],"picked":"SKIP","floor":45},{"not_picked":["Underhanded Strike+1","Sucker Punch"],"picked":"PiercingWail","floor":48},{"not_picked":["Caltrops+1","Underhanded Strike","Dodge and Roll"],"picked":"SKIP","floor":55}],"player_experience":6299450,"relics_obtained":[{"floor":7,"key":"Pantograph"},{"floor":9,"key":"Ancient Tea Set"},{"floor":12,"key":"Smiling Mask"},{"floor":21,"key":"Strawberry"},{"floor":24,"key":"Orichalcum"},{"floor":24,"key":"Anchor"},{"floor":31,"key":"Pocketwatch"},{"floor":31,"key":"HornCleat"},{"floor":37,"key":"Shovel"},{"floor":41,"key":"Frozen Egg 2"},{"floor":41,"key":"MealTicket"},{"floor":45,"key":"Bag of Preparation"},{"floor":45,"key":"StoneCalendar"},{"floor":48,"key":"Art of War"},{"floor":48,"key":"Snake Skull"},{"floor":49,"key":"Toy Ornithopter"},{"floor":53,"key":"Blue Candle"},{"floor":55,"key":"White Beast Statue"},{"floor":55,"key":"Pen Nib"}],"event_choices":[{"damage_healed":0,"gold_gain":0,"player_choice":"Copied","damage_taken":0,"max_hp_gain":0,"max_hp_loss":0,"event_name":"Duplicator","floor":19,"gold_loss":0,"cards_obtained":["Catalyst"]},{"damage_healed":0,"gold_gain":0,"player_choice":"Fight","damage_taken":0,"max_hp_gain":0,"max_hp_loss":0,"event_name":"Colosseum","floor":31,"gold_loss":0},{"damage_healed":0,"gold_gain":0,"player_choice":"Fought Nobs","damage_taken":0,"max_hp_gain":0,"max_hp_loss":0,"event_name":"Colosseum","floor":31,"gold_loss":0},{"damage_healed":0,"gold_gain":0,"player_choice":"Ignored","damage_taken":0,"max_hp_gain":0,"max_hp_loss":0,"event_name":"Tomb of Lord Red Mask","floor":36,"gold_loss":0},{"damage_healed":0,"gold_gain":0,"player_choice":"Fight","damage_taken":0,"max_hp_gain":0,"max_hp_loss":0,"event_name":"Mysterious Sphere","floor":37,"gold_loss":0}],"is_beta":false,"boss_relics":[{"not_picked":["WristBlade","Snecko Eye"],"picked":"Black Star"},{"not_picked":["Empty Cage","Tiny House"],"picked":"Cursed Key"}],"items_purged_floors":[30,39,47],"is_endless":false,"potions_floor_spawned":[2,3,4,7,8,18,28,31,37,42,48,55],"ascension_level":20}