{"gold_per_floor":[115,126,73,89,89,89,115,115,115,147,72,72,97,111,111,200,200,223,223,236,256,270,270,5,5,28,63,63,78,122,247,247,336,336,349,368,152,172,197,228,247,247,247,285,285,316,316,340,340,340,340,340,340,98,133,133],"floor_reached":57,"playtime":5725,"items_purged":["Strike_G","Strike_G+1"],"score":2849,"play_id":"de2b8ff4-9157-4134-8f0e-1c6e8d5223f0","local_time":"20220223145855","is_ascension_mode":true,"campfire_choices":[{"data":"Dagger Spray","floor":6,"key":"SMITH"},{"data":"Doppelganger","floor":8,"key":"SMITH"},{"data":"Backflip","floor":15,"key":"SMITH"},{"data":"Wraith Form v2","floor":23,"key":"SMITH"},{"data":"Calculated Gamble","floor":25,"key":"SMITH"},{"data":"Terror","floor":32,"key":"SMITH"},{"floor":42,"key":"RECALL"},{"floor":45,"key":"REST"},{"floor":49,"key":"REST"},{"floor":53,"key":"REST"}],"neow_cost":"NONE","seed_source_timestamp":429045650991900,"circlet_count":0,"master_deck":["AscendersBane","Strike_G+1","Strike_G+1","Defend_G+1","Defend_G+1","Defend_G+1","Defend_G+1","Defend_G+1","Survivor+1","Neutralize+1","Dagger Spray+1","Blade Dance+1","Terror+1","Doppelganger+1","Eviscerate+1","Backflip+1","Acrobatics+1","Wraith Form v2+1","Footwork+1","Calculated Gamble+1","PiercingWail+1","Expertise+1","Slice+1","FTL+1","PiercingWail+1","Warcry+1","Hologram+1","LessonLearned+1","White Noise+1","Prostrate+1","PiercingWail+1","Blade Dance+1","Second Wind+1","Blasphemy+1","Forethought+1","Dark Shackles+1","PanicButton+1","Thinking Ahead+1","Leg Sweep+1","Calculated Gamble+1","Dual Wield+1"],"relics":["HoveringKite","Molten Egg 2","Akabeko","Golden Idol","Runic Pyramid","PrismaticShard","Happy Flower","Anchor","PreservedInsect","Bird Faced Urn","Toxic Egg 2","WristBlade","Toy Ornithopter","HornCleat","War Paint","Pocketwatch","Medical Kit","CaptainsWheel"],"potions_floor_usage":[7,7,18,21,30,56,56],"damage_taken":[{"damage":1,"enemies":"Cultist","floor":1,"turns":4},{"damage":0,"enemies":"Small Slimes","floor":2,"turns":3},{"damage":0,"enemies":"2 Louse","floor":4,"turns":3},{"damage":11,"enemies":"Gremlin Nob","floor":7,"turns":3},{"damage":17,"enemies":"3 Sentries","floor":10,"turns":6},{"damage":8,"enemies":"Blue Slaver","floor":13,"turns":3},{"damage":0,"enemies":"Red Slaver","floor":14,"turns":1},{"damage":6,"enemies":"The Guardian","floor":16,"turns":11},{"damage":0,"enemies":"Shell Parasite","floor":18,"turns":1},{"damage":1,"enemies":"Spheric Guardian","floor":20,"turns":5},{"damage":5,"enemies":"Centurion and Healer","floor":21,"turns":4},{"damage":13,"enemies":"Snake Plant","floor":22,"turns":4},{"damage":10,"enemies":"Book of Stabbing","floor":27,"turns":6},{"damage":0,"enemies":"Chosen and Byrds","floor":29,"turns":7},{"damage":0,"enemies":"Gremlin Leader","floor":30,"turns":4},{"damage":0,"enemies":"Colosseum Slavers","floor":31,"turns":6},{"damage":0,"enemies":"Colosseum Nobs","floor":31,"turns":2},{"damage":16,"enemies":"Champ","floor":33,"turns":14},{"damage":0,"enemies":"Orb Walker","floor":35,"turns":3},{"damage":0,"enemies":"3 Darklings","floor":36,"turns":5},{"damage":0,"enemies":"Maw","floor":38,"turns":4},{"damage":0,"enemies":"Jaw Worm Horde","floor":39,"turns":5},{"damage":0,"enemies":"Giant Head","floor":40,"turns":4},{"damage":10,"enemies":"3 Darklings","floor":41,"turns":5},{"damage":0,"enemies":"Reptomancer","floor":44,"turns":2},{"damage":1,"enemies":"Mind Bloom Boss Battle","floor":46,"turns":5},{"damage":1,"enemies":"Maw","floor":48,"turns":7},{"damage":2,"enemies":"Time Eater","floor":50,"turns":10},{"damage":14,"enemies":"Awakened One","floor":51,"turns":13},{"damage":15,"enemies":"Shield and Spear","floor":55,"turns":5},{"damage":44,"enemies":"The Heart","floor":56,"turns":14}],"seed_played":"-1343849935657500232","potions_obtained":[{"floor":4,"key":"FearPotion"},{"floor":7,"key":"Poison Potion"},{"floor":10,"key":"GamblersBrew"},{"floor":18,"key":"GhostInAJar"},{"floor":19,"key":"Weak Potion"},{"floor":21,"key":"PowerPotion"},{"floor":30,"key":"FairyPotion"},{"floor":41,"key":"GamblersBrew"}],"is_trial":false,"path_per_floor":["M","M","$","M","?","R","E","R","T","E","?","?","M","M","R","B",null,"M","?","M","M","M","R","$","R","T","E","?","M","E","?","R","B",null,"M","M","$","M","M","E","M","R","T","E","R","?","?","M","R","B","B",null,"R","$","E","B",null],"character_chosen":"THE_SILENT","items_purchased":["Strength Potion","Slice+1","PrismaticShard","PiercingWail+1","Blade Dance+1","Calculated Gamble+1","Medical Kit"],"campfire_rested":3,"item_purchase_floors":[3,24,24,37,37,54,54],"current_hp_per_floor":[58,58,58,58,58,58,47,47,47,30,30,30,22,22,22,16,49,49,49,48,43,30,30,30,30,30,20,20,20,20,20,20,8,47,51,57,57,60,60,60,50,50,50,50,60,60,50,55,60,58,47,57,60,60,51,27],"gold":133,"neow_bonus":"BOSS_RELIC","is_prod":false,"is_daily":false,"chose_seed":false,"campfire_upgraded":6,"win_rate":0,"timestamp":1645646335,"path_taken":["M","M","$","M","?","R","E","R","T","E","?","?","?","M","R","BOSS","M","?","?","M","M","R","$","R","T","E","?","M","E","?","R","BOSS","M","M","$","M","M","E","M","R","T","E","R","?","?","M","R","BOSS","BOSS","R","$","E","BOSS"],"build_version":"2020-12-22","purchased_purges":2,"victory":true,"max_hp_per_floor":[66,66,66,66,66,66,66,66,66,66,66,60,60,60,60,60,60,60,60,60,60,60,60,60,60,60,60,60,60,60,60,60,60,60,60,60,60,60,60,60,60,60,60,60,60,60,60,60,60,60,60,60,60,60,60,60],"relic_stats":{"Happy Flower":[40],"counters":[31,169],"Golden Idol":212,"Bird Faced Urn":[43],"HoveringKite":[75],"PreservedInsect":306,"War Paint":["PiercingWail"],"Medical Kit":[4],"obtain_stats":[{"Happy Flower":26,"Golden Idol":12,"HoveringKite":0,"PreservedInsect":30,"War Paint":44,"PrismaticShard":24,"Medical Kit":54,"Akabeko":10,"Anchor":27,"CaptainsWheel":55,"HornCleat":43,"WristBlade":34,"Bird Faced Urn":31,"Molten Egg 2":7,"Toxic Egg 2":31,"Toy Ornithopter":40,"Ring of the Snake":0,"Runic Pyramid":17,"Pocketwatch":46},{"Happy Flower":12,"Golden Idol":5,"HoveringKite":0,"PreservedInsect":15,"War Paint":25,"PrismaticShard":12,"Medical Kit":29,"Akabeko":5,"Anchor":13,"CaptainsWheel":30,"HornCleat":24,"WristBlade":18,"Bird Faced Urn":17,"Molten Egg 2":4,"Toxic Egg 2":17,"Toy Ornithopter":23,"Ring of the Snake":0,"Runic Pyramid":8,"Pocketwatch":26},{"Happy Flower":48,"Golden Idol":19,"HoveringKite":0,"PreservedInsect":65,"War Paint":115,"PrismaticShard":48,"Medical Kit":150,"Akabeko":19,"Anchor":54,"CaptainsWheel":155,"HornCleat":113,"WristBlade":87,"Bird Faced Urn":73,"Molten Egg 2":13,"Toxic Egg 2":73,"Toy Ornithopter":108,"Ring of the Snake":0,"Runic Pyramid":34,"Pocketwatch":120}],"Toy Ornithopter":10,"Pocketwatch":[21]},"card_choices":[{"not_picked":["Bane","Setup"],"picked":"Dagger Spray","floor":1},{"not_picked":["Crippling Poison","Infinite Blades"],"picked":"Blade Dance","floor":2},{"not_picked":["Caltrops","Flying Knee"],"picked":"Terror","floor":4},{"not_picked":["Riddle With Holes+1","Poisoned Stab+1"],"picked":"Doppelganger","floor":7},{"not_picked":["Heel Hook+1","Bouncing Flask"],"picked":"Eviscerate+1","floor":10},{"not_picked":["Dagger Spray+1","Outmaneuver"],"picked":"Backflip","floor":13},{"not_picked":["Sucker Punch+1","Heel Hook+1"],"picked":"Acrobatics","floor":14},{"not_picked":["Envenom","A Thousand Cuts"],"picked":"Wraith Form v2","floor":16},{"not_picked":["Prepared","Finisher+1"],"picked":"Footwork+1","floor":18},{"not_picked":["Flying Knee+1","Deadly Poison"],"picked":"Calculated Gamble","floor":20},{"not_picked":["Deadly Poison+1","Tactician"],"picked":"PiercingWail","floor":21},{"not_picked":["Dodge and Roll","Storm of Steel"],"picked":"Expertise","floor":22},{"not_picked":["Poisoned Stab+1","FollowUp+1"],"picked":"FTL+1","floor":27},{"not_picked":["DeceiveReality","Slice+1"],"picked":"PiercingWail+1","floor":29},{"not_picked":["Clash+1","Shockwave"],"picked":"Warcry","floor":30},{"not_picked":["EmptyBody+1","MentalFortress+1"],"picked":"Hologram+1","floor":31},{"not_picked":["Brilliance+1","A Thousand Cuts"],"picked":"LessonLearned+1","floor":33},{"not_picked":["Consume+1","Ghostly Armor+1"],"picked":"White Noise+1","floor":35},{"not_picked":["Sweeping Beam+1","Second Wind+1"],"picked":"Prostrate+1","floor":36},{"not_picked":["WheelKick+1","Perseverance+1","LikeWater"],"picked":"SKIP","floor":38},{"not_picked":["Deadly Poison+1","Deflect+1"],"picked":"Second Wind+1","floor":39},{"not_picked":["Defragment","Streamline+1","SignatureMove+1"],"picked":"SKIP","floor":40},{"not_picked":["Outmaneuver+1","FlurryOfBlows+1","Redo+1"],"picked":"SKIP","floor":41},{"not_picked":["Enlightenment+1","Cleave+1"],"picked":"Blasphemy+1","floor":44},{"not_picked":["Coolheaded+1","Cold Snap+1"],"picked":"Forethought+1","floor":46},{"not_picked":["PanicButton+1","Chrysalis+1"],"picked":"Dark Shackles+1","floor":47},{"not_picked":["Chrysalis+1","Forethought+1"],"picked":"PanicButton+1","floor":47},{"not_picked":["Madness+1","The Bomb+1"],"picked":"Thinking Ahead+1","floor":47},{"not_picked":["Fire Breathing","Compile Driver+1"],"picked":"Leg Sweep+1","floor":48},{"not_picked":["Undo+1","Setup+1"],"picked":"Dual Wield+1","floor":55}],"player_experience":6327973,"relics_obtained":[{"floor":7,"key":"Molten Egg 2"},{"floor":10,"key":"Akabeko"},{"floor":26,"key":"Happy Flower"},{"floor":27,"key":"Anchor"},{"floor":30,"key":"PreservedInsect"},{"floor":31,"key":"Bird Faced Urn"},{"floor":31,"key":"Toxic Egg 2"},{"floor":40,"key":"Toy Ornithopter"},{"floor":43,"key":"HornCleat"},{"floor":44,"key":"War Paint"},{"floor":46,"key":"Pocketwatch"},{"floor":55,"key":"CaptainsWheel"}],"event_choices":[{"damage_healed":0,"gold_gain":0,"player_choice":"Ignored","damage_taken":0,"max_hp_gain":0,"max_hp_loss":0,"event_name":"Liars Game","floor":5,"gold_loss":0},{"cards_removed":["Strike_G"],"damage_healed":0,"gold_gain":0,"player_choice":"Card Removal","damage_taken":0,"max_hp_gain":0,"max_hp_loss":0,"event_name":"The Cleric","floor":11,"gold_loss":75},{"damage_healed":0,"gold_gain":0,"player_choice":"Lose Max HP","damage_taken":0,"relics_obtained":["Golden Idol"],"max_hp_gain":0,"max_hp_loss":6,"event_name":"Golden Idol","floor":12,"gold_loss":0},{"damage_healed":0,"gold_gain":0,"player_choice":"Got Potions","damage_taken":0,"max_hp_gain":0,"max_hp_loss":0,"event_name":"Lab","floor":19,"gold_loss":0},{"damage_healed":0,"gold_gain":0,"player_choice":"Simplicity","damage_taken":0,"max_hp_gain":0,"max_hp_loss":0,"event_name":"Back to Basics","floor":28,"gold_loss":0,"cards_upgraded":["Strike_G","Strike_G","Strike_G","Defend_G","Defend_G","Defend_G","Defend_G","Defend_G"]},{"damage_healed":0,"gold_gain":0,"player_choice":"Fight","damage_taken":0,"max_hp_gain":0,"max_hp_loss":0,"event_name":"Colosseum","floor":31,"gold_loss":0},{"damage_healed":0,"gold_gain":0,"player_choice":"Fought Nobs","damage_taken":0,"max_hp_gain":0,"max_hp_loss":0,"event_name":"Colosseum","floor":31,"gold_loss":0},{"damage_healed":0,"gold_gain":0,"player_choice":"Fight","damage_taken":0,"max_hp_gain":0,"max_hp_loss":0,"event_name":"MindBloom","floor":46,"gold_loss":0},{"damage_healed":0,"gold_gain":0,"player_choice":"Memory 3","damage_taken":10,"max_hp_gain":0,"max_hp_loss":0,"event_name":"SensoryStone","floor":47,"gold_loss":0}],"is_beta":false,"boss_relics":[{"not_picked":["Runic Dome","Astrolabe"],"picked":"Runic Pyramid"},{"not_picked":["Tiny House","SlaversCollar"],"picked":"WristBlade"}],"items_purged_floors":[24,37],"is_endless":false,"potions_floor_spawned":[4,7,10,18,21,30,31,31,35,36,41,44,48],"ascension_level":20}