{"gold_per_floor":[113,133,133,133,145,180,180,196,266,266,278,39,72,83,83,159,159,175,175,7,20,38,68,78,78,78,113,113,143,143,161,161,161],"floor_reached":33,"playtime":3866,"items_purged":["Strike_G"],"score":684,"play_id":"962d9d35-1bec-4ed2-ba49-fc51688822e8","local_time":"20220223132248","is_ascension_mode":true,"campfire_choices":[{"data":"Eviscerate","floor":7,"key":"SMITH"},{"data":"Envenom","floor":10,"key":"SMITH"},{"data":"Footwork","floor":15,"key":"SMITH"},{"data":"Blade Dance","floor":25,"key":"SMITH"},{"data":"Malaise","floor":28,"key":"SMITH"},{"floor":32,"key":"DIG"}],"neow_cost":"NONE","seed_source_timestamp":425155220971300,"circlet_count":0,"master_deck":["AscendersBane","Strike_G","Strike_G","Strike_G","Defend_G","Defend_G","Defend_G","Defend_G","Defend_G","Survivor","Neutralize","Eviscerate+1","Masterful Stab","Slice","Envenom+1","Dagger Spray","Blade Dance+1","Bouncing Flask","Footwork+1","Corpse Explosion","Footwork","Malaise+1","Calculated Gamble","Prepared","Prepared+1"],"relics":["Ring of the Snake","Strawberry","Ninja Scroll","Bag of Marbles","Nunchaku","Coffee Dripper","Nloth\u0027s Gift","Sling","Boot","Gremlin Horn","Orichalcum","Ornamental Fan","Shovel","Bird Faced Urn"],"potions_floor_usage":[6,21,23,31,33],"damage_taken":[{"damage":4,"enemies":"Small Slimes","floor":1,"turns":6},{"damage":0,"enemies":"2 Louse","floor":2,"turns":3},{"damage":0,"enemies":"Cultist","floor":5,"turns":3},{"damage":30,"enemies":"Lagavulin","floor":6,"turns":7},{"damage":1,"enemies":"Looter","floor":8,"turns":2},{"damage":3,"enemies":"Gremlin Gang","floor":11,"turns":4},{"damage":0,"enemies":"Gremlin Nob","floor":13,"turns":2},{"damage":0,"enemies":"Exordium Thugs","floor":14,"turns":3},{"damage":8,"enemies":"The Guardian","floor":16,"turns":10},{"damage":15,"enemies":"Shell Parasite","floor":18,"turns":5},{"damage":20,"enemies":"Spheric Guardian","floor":21,"turns":4},{"damage":8,"enemies":"Snake Plant","floor":22,"turns":4},{"damage":20,"enemies":"Book of Stabbing","floor":23,"turns":4},{"damage":9,"enemies":"Centurion and Healer","floor":24,"turns":6},{"damage":1,"enemies":"Slavers","floor":27,"turns":4},{"damage":1,"enemies":"Book of Stabbing","floor":29,"turns":6},{"damage":0,"enemies":"Snecko","floor":31,"turns":3},{"damage":14,"enemies":"Automaton","floor":33,"turns":4}],"seed_played":"1608167336027116157","potions_obtained":[{"floor":1,"key":"DuplicationPotion"},{"floor":2,"key":"SkillPotion"},{"floor":4,"key":"FairyPotion"},{"floor":8,"key":"EntropicBrew"},{"floor":21,"key":"Fire Potion"},{"floor":24,"key":"Ancient Potion"},{"floor":29,"key":"Strength Potion"}],"is_trial":false,"path_per_floor":["M","M","?","?","M","E","R","M","T","R","M","$","E","M","R","B",null,"M","?","$","M","M","E","M","R","T","E","R","E","T","M","R","B"],"character_chosen":"THE_SILENT","items_purchased":["Bag of Marbles","Sling"],"campfire_rested":0,"item_purchase_floors":[12,20],"current_hp_per_floor":[62,62,55,55,55,25,25,24,24,24,21,21,21,21,21,13,58,43,43,43,23,15,17,8,8,8,7,7,6,6,6,6,0],"gold":161,"neow_bonus":"RANDOM_COMMON_RELIC","is_prod":false,"is_daily":false,"chose_seed":false,"campfire_upgraded":5,"win_rate":0,"timestamp":1645640568,"path_taken":["M","M","?","?","M","E","R","M","T","R","?","$","E","M","R","BOSS","M","?","$","M","?","E","M","R","T","E","R","E","?","M","R","BOSS"],"build_version":"2020-12-22","purchased_purges":1,"victory":false,"max_hp_per_floor":[73,73,73,73,73,73,73,73,73,73,73,73,73,73,73,73,73,73,73,73,73,73,73,73,73,73,73,73,73,73,73,73,73],"relic_stats":{"Nunchaku":[14],"Shovel":1,"Gremlin Horn":[4,4],"counters":[18,80],"Ornamental Fan":[20],"Bird Faced Urn":[6],"Nloth\u0027s Gift":2,"Orichalcum":[36],"Boot":[8],"obtain_stats":[{"Gremlin Horn":26,"Orichalcum":27,"Sling":20,"Boot":23,"Nunchaku":13,"Shovel":30,"Ninja Scroll":9,"Ornamental Fan":29,"Strawberry":0,"Bird Faced Urn":32,"Turnip":6,"Bag of Marbles":12,"Coffee Dripper":17,"Nloth\u0027s Gift":19,"Ring of the Snake":0},{"Gremlin Horn":14,"Orichalcum":15,"Sling":10,"Boot":13,"Nunchaku":7,"Shovel":16,"Ninja Scroll":5,"Ornamental Fan":16,"Strawberry":0,"Bird Faced Urn":17,"Turnip":4,"Bag of Marbles":6,"Coffee Dripper":9,"Nloth\u0027s Gift":10,"Ring of the Snake":0},{"Gremlin Horn":63,"Orichalcum":67,"Sling":45,"Boot":57,"Nunchaku":27,"Shovel":73,"Ninja Scroll":21,"Ornamental Fan":73,"Strawberry":0,"Bird Faced Urn":76,"Turnip":19,"Bag of Marbles":25,"Coffee Dripper":40,"Nloth\u0027s Gift":45,"Ring of the Snake":0}],"Ring of the Snake":[36]},"card_choices":[{"not_picked":["Riddle With Holes","Quick Slash"],"picked":"Eviscerate","floor":1},{"not_picked":["Blade Dance","Poisoned Stab"],"picked":"Masterful Stab","floor":2},{"not_picked":["Bane","Quick Slash"],"picked":"Slice","floor":5},{"not_picked":["Caltrops","Cloak And Dagger"],"picked":"Envenom","floor":6},{"not_picked":["Accuracy","Backstab"],"picked":"Dagger Spray","floor":8},{"not_picked":["Skewer","Blur"],"picked":"Blade Dance","floor":11},{"not_picked":["Deflect","Setup"],"picked":"Bouncing Flask","floor":13},{"not_picked":["Underhanded Strike","Deflect"],"picked":"Footwork","floor":14},{"not_picked":["Phantasmal Killer","Venomology"],"picked":"Corpse Explosion","floor":16},{"not_picked":["Deadly Poison","Quick Slash","Flying Knee"],"picked":"SKIP","floor":18},{"not_picked":["Eviscerate+1","Bane"],"picked":"Footwork","floor":21},{"not_picked":["Dagger Throw","Grand Finale"],"picked":"Malaise","floor":23},{"not_picked":["Infinite Blades","Tools of the Trade"],"picked":"Calculated Gamble","floor":24},{"not_picked":["Underhanded Strike","Distraction"],"picked":"Prepared","floor":27},{"not_picked":["Flechettes+1","Underhanded Strike","Storm of Steel"],"picked":"SKIP","floor":29},{"not_picked":["Flechettes+1","Underhanded Strike","Storm of Steel"],"picked":"SKIP","floor":29},{"not_picked":["Infinite Blades","Underhanded Strike"],"picked":"Prepared+1","floor":31}],"player_experience":6324107,"relics_obtained":[{"floor":6,"key":"Turnip"},{"floor":9,"key":"Ninja Scroll"},{"floor":13,"key":"Nunchaku"},{"floor":23,"key":"Boot"},{"floor":26,"key":"Gremlin Horn"},{"floor":27,"key":"Orichalcum"},{"floor":29,"key":"Ornamental Fan"},{"floor":30,"key":"Shovel"},{"floor":32,"key":"Bird Faced Urn"}],"event_choices":[{"cards_removed":["Strike_G"],"damage_healed":0,"gold_gain":0,"player_choice":"Card Removal","damage_taken":7,"max_hp_gain":0,"max_hp_loss":0,"event_name":"Golden Wing","floor":3,"gold_loss":0},{"damage_healed":0,"gold_gain":0,"player_choice":"Got Potions","damage_taken":0,"max_hp_gain":0,"max_hp_loss":0,"event_name":"Lab","floor":4,"gold_loss":0},{"damage_healed":0,"gold_gain":0,"player_choice":"Traded Relic","damage_taken":0,"relics_obtained":["Nloth\u0027s Gift"],"max_hp_gain":0,"max_hp_loss":0,"event_name":"N\u0027loth","floor":19,"relics_lost":["Turnip"],"gold_loss":0}],"is_beta":false,"boss_relics":[{"not_picked":["Sozu","Black Star"],"picked":"Coffee Dripper"}],"items_purged_floors":[12],"is_endless":false,"potions_floor_spawned":[1,2,5,8,18,21,24,29],"killed_by":"Automaton","ascension_level":20}