{"gold_per_floor":[169,169,188,200,220,220,236,236,236,248,274,293,304,339,339,418,418,435,412,412,612,612],"floor_reached":22,"playtime":1822,"items_purged":[],"score":400,"play_id":"2cac282d-097b-4e4a-a61c-4d396be367e9","local_time":"20220302123945","is_ascension_mode":true,"campfire_choices":[{"data":"Dagger Spray","floor":6,"key":"SMITH"},{"data":"Dash","floor":8,"key":"SMITH"},{"data":"Bouncing Flask","floor":15,"key":"SMITH"}],"neow_cost":"NONE","seed_source_timestamp":0,"circlet_count":0,"master_deck":["AscendersBane","Strike_G","Strike_G","Strike_G","Strike_G","Defend_G","Defend_G","Defend_G","Defend_G","Defend_G+1","Survivor","Neutralize","Dagger Spray","Dagger Spray+1","Dash+1","Blade Dance","Tools of the Trade","Poisoned Stab","Bouncing Flask+1","Escape Plan","Prepared","After Image","Leg Sweep"],"special_seed":0,"relics":["Tiny House","Toy Ornithopter","PreservedInsect","Letter Opener","SlaversCollar"],"potions_floor_usage":[11,16,16,22,22],"damage_taken":[{"damage":5,"enemies":"2 Louse","floor":1,"turns":2},{"damage":0,"enemies":"Cultist","floor":3,"turns":5},{"damage":3,"enemies":"Jaw Worm","floor":4,"turns":4},{"damage":3,"enemies":"3 Louse","floor":5,"turns":3},{"damage":0,"enemies":"Exordium Wildlife","floor":7,"turns":2},{"damage":1,"enemies":"Large Slime","floor":10,"turns":5},{"damage":2,"enemies":"3 Sentries","floor":11,"turns":4},{"damage":6,"enemies":"Looter","floor":12,"turns":3},{"damage":7,"enemies":"Red Slaver","floor":13,"turns":3},{"damage":17,"enemies":"Lagavulin","floor":14,"turns":7},{"damage":9,"enemies":"Hexaghost","floor":16,"turns":9},{"damage":31,"enemies":"Chosen","floor":18,"turns":6},{"damage":7,"enemies":"2 Thieves","floor":19,"turns":5},{"damage":35,"enemies":"Snake Plant","floor":22,"turns":5}],"seed_played":"-7341741737557209038","potions_obtained":[{"floor":0,"key":"SmokeBomb"},{"floor":3,"key":"Explosive Potion"},{"floor":4,"key":"CunningPotion"},{"floor":11,"key":"SteroidPotion"},{"floor":16,"key":"LiquidBronze"},{"floor":18,"key":"Strength Potion"},{"floor":19,"key":"Strength Potion"}],"is_trial":false,"path_per_floor":["M","?","M","M","M","R","M","R","T","M","E","M","M","E","R","B",null,"M","M","?","?","M"],"character_chosen":"THE_SILENT","items_purchased":[],"campfire_rested":0,"item_purchase_floors":[],"current_hp_per_floor":[59,52,52,49,46,46,46,46,46,45,48,42,35,18,18,19,58,27,20,20,20,0],"gold":612,"neow_bonus":"BOSS_RELIC","is_prod":false,"is_daily":false,"chose_seed":false,"campfire_upgraded":3,"win_rate":0,"timestamp":1646242785,"path_taken":["M","?","M","M","M","R","M","R","T","M","E","M","M","E","R","BOSS","M","M","?","?","?"],"build_version":"2022-02-27","purchased_purges":0,"victory":false,"max_hp_per_floor":[71,71,71,71,71,71,71,71,71,71,71,71,71,71,71,71,71,71,71,71,71,71],"relic_stats":{"counters":[14,63],"PreservedInsect":36,"Letter Opener":[30],"obtain_stats":[{"SlaversCollar":17,"Tiny House":0,"PreservedInsect":11,"Letter Opener":14,"Toy Ornithopter":9,"Ring of the Snake":0},{"SlaversCollar":11,"Tiny House":0,"PreservedInsect":7,"Letter Opener":10,"Toy Ornithopter":5,"Ring of the Snake":0},{"SlaversCollar":47,"Tiny House":0,"PreservedInsect":25,"Letter Opener":38,"Toy Ornithopter":16,"Ring of the Snake":0}],"Toy Ornithopter":25},"card_choices":[{"not_picked":["Acrobatics","Deflect"],"picked":"Dagger Spray","floor":0},{"not_picked":["Dodge and Roll","Outmaneuver"],"picked":"Dagger Spray","floor":1},{"not_picked":["Catalyst","Expertise"],"picked":"Dash","floor":3},{"not_picked":["All Out Attack","Outmaneuver"],"picked":"Blade Dance","floor":4},{"not_picked":["Prepared","Heel Hook"],"picked":"Tools of the Trade","floor":5},{"not_picked":["Bane","Dagger Throw","Predator"],"picked":"SKIP","floor":7},{"not_picked":["Bane","Dagger Throw","Predator"],"picked":"SKIP","floor":7},{"not_picked":["Bane","Dagger Throw","Predator"],"picked":"SKIP","floor":7},{"not_picked":["Deflect","Prepared"],"picked":"Poisoned Stab","floor":10},{"not_picked":["Flying Knee","Sucker Punch","Cloak And Dagger"],"picked":"SKIP","floor":11},{"not_picked":["Skewer","Choke"],"picked":"Bouncing Flask","floor":12},{"not_picked":["Quick Slash","Outmaneuver"],"picked":"Escape Plan","floor":13},{"not_picked":["Infinite Blades","Endless Agony"],"picked":"Prepared","floor":14},{"not_picked":["Die Die Die","Envenom"],"picked":"After Image","floor":16},{"not_picked":["Bane","Dagger Spray"],"picked":"Leg Sweep","floor":18}],"player_experience":6363060,"relics_obtained":[{"floor":9,"key":"Toy Ornithopter"},{"floor":11,"key":"PreservedInsect"},{"floor":14,"key":"Letter Opener"}],"event_choices":[{"cards_removed":["Strike_G"],"damage_healed":0,"gold_gain":0,"player_choice":"Card Removal","damage_taken":7,"max_hp_gain":0,"max_hp_loss":0,"event_name":"Golden Wing","floor":2,"gold_loss":0},{"damage_healed":0,"gold_gain":0,"player_choice":"Ignored","damage_taken":0,"max_hp_gain":0,"max_hp_loss":0,"event_name":"Cursed Tome","floor":20,"gold_loss":0},{"damage_healed":0,"gold_gain":200,"player_choice":"Gold","damage_taken":0,"max_hp_gain":0,"max_hp_loss":0,"event_name":"Wheel of Change","floor":21,"gold_loss":0}],"is_beta":false,"boss_relics":[{"not_picked":["Busted Crown","SacredBark"],"picked":"SlaversCollar"}],"items_purged_floors":[],"is_endless":false,"potions_floor_spawned":[3,4,11,13,14,16,18,19],"killed_by":"Snake Plant","ascension_level":20}