{"gold_per_floor":[111,131,131,42,56,56,83,100,100,100,131,131,143,174,174,174],"floor_reached":16,"playtime":1365,"items_purged":[],"score":240,"play_id":"99d2ec37-d402-40f9-8778-46aaf88a790b","local_time":"20220307161617","is_ascension_mode":true,"campfire_choices":[{"data":"Blade Dance","floor":6,"key":"SMITH"},{"floor":10,"key":"REST"},{"floor":12,"key":"REST"},{"data":"Deadly Poison","floor":15,"key":"SMITH"}],"neow_cost":"NONE","seed_source_timestamp":943274229442400,"circlet_count":0,"master_deck":["AscendersBane","Strike_G","Strike_G","Strike_G","Strike_G","Defend_G","Defend_G","Defend_G","Defend_G","Defend_G","Survivor","Neutralize","Sucker Punch","Blade Dance+1","Deadly Poison+1","Choke","Masterful Stab","Backflip","Calculated Gamble","Leg Sweep"],"relics":["Black Star","Bag of Marbles","Blue Candle","White Beast Statue","Nunchaku","Gremlin Horn","Dream Catcher","Orichalcum"],"potions_floor_usage":[7,11,14,16,16],"damage_taken":[{"damage":2,"enemies":"2 Louse","floor":1,"turns":4},{"damage":1,"enemies":"Small Slimes","floor":2,"turns":4},{"damage":0,"enemies":"Cultist","floor":5,"turns":3},{"damage":16,"enemies":"3 Sentries","floor":7,"turns":8},{"damage":13,"enemies":"Large Slime","floor":8,"turns":8},{"damage":34,"enemies":"Gremlin Nob","floor":11,"turns":4},{"damage":0,"enemies":"Blue Slaver","floor":13,"turns":3},{"damage":10,"enemies":"Lagavulin","floor":14,"turns":5},{"damage":15,"enemies":"The Guardian","floor":16,"turns":4}],"seed_played":"3980970519601695502","potions_obtained":[{"floor":1,"key":"ColorlessPotion"},{"floor":2,"key":"Explosive Potion"},{"floor":11,"key":"Poison Potion"},{"floor":13,"key":"LiquidBronze"},{"floor":14,"key":"Strength Potion"}],"is_trial":false,"path_per_floor":["M","M","?","$","M","R","E","M","T","R","E","R","M","E","R","B"],"character_chosen":"THE_SILENT","items_purchased":["Blade Dance","Deadly Poison"],"campfire_rested":2,"item_purchase_floors":[4,4],"current_hp_per_floor":[57,56,49,49,49,49,33,20,20,39,5,24,24,14,14,0],"gold":174,"neow_bonus":"BOSS_RELIC","is_prod":false,"is_daily":false,"chose_seed":false,"campfire_upgraded":2,"win_rate":0,"timestamp":1646687777,"path_taken":["M","M","?","$","M","R","E","M","T","R","E","R","M","E","R","BOSS"],"build_version":"2022-02-27","purchased_purges":0,"victory":false,"max_hp_per_floor":[66,66,66,66,66,66,66,66,66,66,66,66,66,66,66,66],"relic_stats":{"Nunchaku":[3],"Dream Catcher":0,"Gremlin Horn":[0,0],"counters":[9,43],"Blue Candle":[1],"Black Star":3,"Orichalcum":[18],"obtain_stats":[{"Nunchaku":11,"Dream Catcher":14,"Gremlin Horn":11,"Blue Candle":7,"Black Star":0,"Bag of Marbles":7,"Orichalcum":14,"White Beast Statue":9,"Ring of the Snake":0},{"Nunchaku":6,"Dream Catcher":8,"Gremlin Horn":6,"Blue Candle":4,"Black Star":0,"Bag of Marbles":4,"Orichalcum":8,"White Beast Statue":5,"Ring of the Snake":0},{"Nunchaku":31,"Dream Catcher":39,"Gremlin Horn":31,"Blue Candle":19,"Black Star":0,"Bag of Marbles":19,"Orichalcum":39,"White Beast Statue":27,"Ring of the Snake":0}],"White Beast Statue":[0.0,0.0,0.06000000000000001,0.0,0.44000000000000006,0.0,0.44000000000000006,0.0,0.06000000000000001,0.0,0.0,1.5]},"card_choices":[{"not_picked":["Riddle With Holes","Escape Plan"],"picked":"Sucker Punch","floor":1},{"not_picked":["Catalyst","Prepared","Outmaneuver"],"picked":"SKIP","floor":2},{"not_picked":["Underhanded Strike","Bullet Time"],"picked":"Choke","floor":5},{"not_picked":["Bane","Catalyst","Sucker Punch"],"picked":"SKIP","floor":7},{"not_picked":["Quick Slash","Leg Sweep"],"picked":"Masterful Stab","floor":8},{"not_picked":["Skewer","Dash"],"picked":"Backflip","floor":11},{"not_picked":["Cloak And Dagger","Dodge and Roll"],"picked":"Calculated Gamble","floor":13},{"not_picked":["Deflect","Finisher"],"picked":"Leg Sweep","floor":14}],"player_experience":6404787,"relics_obtained":[{"floor":7,"key":"Bag of Marbles"},{"floor":7,"key":"Blue Candle"},{"floor":9,"key":"White Beast Statue"},{"floor":11,"key":"Nunchaku"},{"floor":11,"key":"Gremlin Horn"},{"floor":14,"key":"Dream Catcher"},{"floor":14,"key":"Orichalcum"}],"event_choices":[{"cards_removed":["Strike_G"],"damage_healed":0,"gold_gain":0,"player_choice":"Card Removal","damage_taken":7,"max_hp_gain":0,"max_hp_loss":0,"event_name":"Golden Wing","floor":3,"gold_loss":0}],"is_beta":false,"boss_relics":[],"items_purged_floors":[],"is_endless":false,"potions_floor_spawned":[1,2,11,13,14],"killed_by":"The Guardian","ascension_level":20}