{"gold_per_floor":[113,125,125,144,164,164,164,164,164,197,213,57,57,86,86,163,163,177,207,12,30,47,79,79,104,104,132,132,143,175,187,187,275,275,293,34,60,60,69,104,104,134,134,134,158,175,175,195,195,195,195,195,195,75,108,108],"floor_reached":57,"playtime":5754,"items_purged":["Strike_G","Strike_G","Strike_G","Strike_G"],"score":2850,"play_id":"6f6159c6-19d8-4369-a405-2b27171aab34","local_time":"20220308183244","is_ascension_mode":true,"campfire_choices":[{"data":"Eviscerate","floor":6,"key":"SMITH"},{"data":"Dagger Throw","floor":8,"key":"SMITH"},{"data":"Survivor","floor":13,"key":"SMITH"},{"data":"Acrobatics","floor":15,"key":"SMITH"},{"floor":24,"key":"REST"},{"data":"Calculated Gamble","floor":32,"key":"SMITH"},{"data":"Malaise","floor":41,"key":"SMITH"},{"floor":44,"key":"RECALL"},{"data":"Grand Finale","floor":49,"key":"SMITH"},{"data":"Calculated Gamble","floor":53,"key":"SMITH"}],"neow_cost":"NONE","seed_source_timestamp":1033454293100800,"circlet_count":0,"master_deck":["AscendersBane","Strike_G","Defend_G","Defend_G","Defend_G","Defend_G","Defend_G","Survivor+1","Neutralize+1","Eviscerate+1","Dagger Throw+1","PiercingWail","Dagger Throw","Footwork+1","Acrobatics+1","Wraith Form v2+1","Acrobatics+1","Eviscerate","Calculated Gamble+1","Calculated Gamble+1","Terror","Malaise+1","Grand Finale+1","Acrobatics","Escape Plan","Wraith Form v2+1","Well Laid Plans+1"],"relics":["Runic Dome","Lizard Tail","Frozen Egg 2","Bronze Scales","SlaversCollar","Red Mask","StoneCalendar","Akabeko","Pantograph","The Courier","CeramicFish","HoveringKite","Frozen Eye","Dream Catcher","Pen Nib","Eternal Feather"],"potions_floor_usage":[10,14,16,22,23,27,33,56,56],"damage_taken":[{"damage":2,"enemies":"2 Louse","floor":1,"turns":3},{"damage":0,"enemies":"Cultist","floor":2,"turns":4},{"damage":0,"enemies":"Jaw Worm","floor":4,"turns":3},{"damage":9,"enemies":"Lots of Slimes","floor":5,"turns":5},{"damage":14,"enemies":"Lagavulin","floor":10,"turns":6},{"damage":0,"enemies":"Blue Slaver","floor":11,"turns":3},{"damage":8,"enemies":"Gremlin Nob","floor":14,"turns":3},{"damage":11,"enemies":"The Guardian","floor":16,"turns":10},{"damage":2,"enemies":"Chosen","floor":18,"turns":5},{"damage":23,"enemies":"Masked Bandits","floor":19,"turns":5},{"damage":1,"enemies":"Spheric Guardian","floor":21,"turns":4},{"damage":3,"enemies":"Shelled Parasite and Fungi","floor":22,"turns":5},{"damage":11,"enemies":"Slavers","floor":23,"turns":5},{"damage":3,"enemies":"Gremlin Leader","floor":25,"turns":3},{"damage":2,"enemies":"Slavers","floor":27,"turns":4},{"damage":10,"enemies":"Centurion and Healer","floor":29,"turns":4},{"damage":0,"enemies":"Gremlin Leader","floor":30,"turns":5},{"damage":0,"enemies":"Snake Plant","floor":31,"turns":5},{"damage":15,"enemies":"Collector","floor":33,"turns":8},{"damage":4,"enemies":"3 Darklings","floor":35,"turns":5},{"damage":0,"enemies":"3 Shapes","floor":37,"turns":3},{"damage":1,"enemies":"Giant Head","floor":40,"turns":7},{"damage":6,"enemies":"Reptomancer","floor":42,"turns":4},{"damage":0,"enemies":"Sphere and 2 Shapes","floor":45,"turns":5},{"damage":0,"enemies":"Writhing Mass","floor":46,"turns":5},{"damage":1,"enemies":"3 Darklings","floor":48,"turns":3},{"damage":48,"enemies":"Time Eater","floor":50,"turns":7},{"damage":23,"enemies":"Awakened One","floor":51,"turns":10},{"damage":0,"enemies":"Shield and Spear","floor":55,"turns":5},{"damage":45,"enemies":"The Heart","floor":56,"turns":8}],"seed_played":"4078961208712903126","potions_obtained":[{"floor":4,"key":"PowerPotion"},{"floor":10,"key":"SneckoOil"},{"floor":11,"key":"SteroidPotion"},{"floor":19,"key":"Weak Potion"},{"floor":21,"key":"Fruit Juice"},{"floor":22,"key":"LiquidMemories"},{"floor":25,"key":"Explosive Potion"},{"floor":29,"key":"EssenceOfSteel"},{"floor":33,"key":"Strength Potion"},{"floor":35,"key":"PowerPotion"},{"floor":55,"key":"DuplicationPotion"}],"is_trial":false,"path_per_floor":["M","M","?","M","M","R","?","R","T","E","M","$","R","E","R","B",null,"M","?","$","M","M","E","R","E","T","E","?","M","E","M","R","B",null,"M","$","M","?","?","E","R","E","T","R","M","M","?","M","R","B","B",null,"R","$","E","B",null],"character_chosen":"THE_SILENT","items_purchased":["Footwork+1","Eviscerate","ColorlessPotion","Frozen Eye","Acrobatics"],"campfire_rested":1,"item_purchase_floors":[12,20,20,36,36],"current_hp_per_floor":[57,57,57,57,48,48,48,48,48,34,34,34,34,26,26,15,53,51,28,28,27,29,18,39,36,36,34,34,24,24,24,24,34,62,58,58,58,58,58,57,57,51,51,51,51,51,51,50,50,19,21,56,56,56,56,22],"gold":108,"neow_bonus":"BOSS_RELIC","is_prod":false,"is_daily":false,"chose_seed":false,"campfire_upgraded":8,"win_rate":0,"timestamp":1646782364,"path_taken":["M","M","?","M","?","R","?","R","T","E","?","$","R","E","R","BOSS","M","?","$","M","M","E","R","E","T","E","?","M","E","?","R","BOSS","M","$","M","?","?","E","R","E","T","R","?","M","?","M","R","BOSS","BOSS","R","$","E","BOSS"],"build_version":"2022-02-27","purchased_purges":4,"victory":true,"max_hp_per_floor":[66,66,66,66,66,66,66,66,66,66,66,66,66,66,66,66,66,66,66,66,66,71,71,71,71,71,71,71,71,71,71,71,71,71,71,71,71,67,67,67,67,67,67,67,67,67,67,67,67,67,67,67,67,67,67,67],"relic_stats":{"counters":[30,152],"CeramicFish":45,"HoveringKite":[52],"StoneCalendar":[296],"Eternal Feather":0,"The Courier":97,"Pen Nib":[7],"Frozen Eye":405.4342,"Lizard Tail":0,"Dream Catcher":0,"Bronze Scales":[556],"Pantograph":78,"obtain_stats":[{"CeramicFish":30,"HoveringKite":34,"StoneCalendar":23,"Eternal Feather":55,"The Courier":27,"Pen Nib":42,"Frozen Egg 2":10,"Akabeko":25,"Runic Dome":0,"SlaversCollar":17,"Frozen Eye":36,"Lizard Tail":9,"Dream Catcher":40,"Bronze Scales":14,"Pantograph":26,"Red Mask":19,"Ring of the Snake":0},{"CeramicFish":17,"HoveringKite":19,"StoneCalendar":13,"Eternal Feather":29,"The Courier":15,"Pen Nib":23,"Frozen Egg 2":5,"Akabeko":14,"Runic Dome":0,"SlaversCollar":8,"Frozen Eye":20,"Lizard Tail":4,"Dream Catcher":22,"Bronze Scales":7,"Pantograph":14,"Red Mask":10,"Ring of the Snake":0},{"CeramicFish":77,"HoveringKite":90,"StoneCalendar":61,"Eternal Feather":144,"The Courier":68,"Pen Nib":109,"Frozen Egg 2":21,"Akabeko":64,"Runic Dome":0,"SlaversCollar":37,"Frozen Eye":95,"Lizard Tail":15,"Dream Catcher":105,"Bronze Scales":27,"Pantograph":64,"Red Mask":47,"Ring of the Snake":0}]},"card_choices":[{"not_picked":["Dagger Spray","Underhanded Strike"],"picked":"Eviscerate","floor":1},{"not_picked":["PiercingWail","Blur"],"picked":"Dagger Throw","floor":2},{"not_picked":["Outmaneuver","Cloak And Dagger"],"picked":"PiercingWail","floor":4},{"not_picked":["Infinite Blades","Poisoned Stab"],"picked":"Dagger Throw","floor":5},{"not_picked":["Bullet Time","Poisoned Stab","Slice"],"picked":"SKIP","floor":10},{"not_picked":["Quick Slash","Slice"],"picked":"Underhanded Strike","floor":11},{"not_picked":["Blade Dance","Dagger Spray"],"picked":"Acrobatics","floor":14},{"not_picked":["Malaise","Night Terror"],"picked":"Wraith Form v2+1","floor":16},{"not_picked":["Deflect","Bane","Catalyst"],"picked":"SKIP","floor":18},{"not_picked":["Skewer","Sucker Punch"],"picked":"Acrobatics","floor":19},{"not_picked":["Sucker Punch","Riddle With Holes"],"picked":"Calculated Gamble","floor":21},{"not_picked":["Bane","Caltrops+1"],"picked":"Calculated Gamble","floor":22},{"not_picked":["Bane","Outmaneuver"],"picked":"Terror","floor":23},{"not_picked":["Prepared","Flying Knee","Finisher"],"picked":"SKIP","floor":25},{"not_picked":["Dagger Throw","PiercingWail"],"picked":"Malaise","floor":27},{"not_picked":["Cloak And Dagger","Bane","Blade Dance"],"picked":"SKIP","floor":29},{"not_picked":["Dagger Throw","Eviscerate","Underhanded Strike"],"picked":"SKIP","floor":30},{"not_picked":["Endless Agony","Heel Hook","Bane"],"picked":"SKIP","floor":31},{"not_picked":["Endless Agony","Heel Hook","Bane"],"picked":"SKIP","floor":31},{"not_picked":["Envenom+1","Burst"],"picked":"Grand Finale","floor":33},{"not_picked":["Dagger Throw","Blade Dance+1","Flying Knee+1"],"picked":"SKIP","floor":35},{"not_picked":["Flying Knee","Outmaneuver"],"picked":"Escape Plan","floor":37},{"not_picked":["Dagger Throw","Backstab","Flechettes"],"picked":"SKIP","floor":40},{"not_picked":["Escape Plan","PiercingWail","Dodge and Roll"],"picked":"SKIP","floor":42},{"not_picked":["Riddle With Holes+1","Heel Hook+1"],"picked":"Well Laid Plans+1","floor":45},{"not_picked":["Concentrate","Blade Dance","Deflect"],"picked":"SKIP","floor":46},{"not_picked":["Underhanded Strike","Quick Slash","Sucker Punch"],"picked":"SKIP","floor":48},{"not_picked":["Deflect","Setup","Corpse Explosion"],"picked":"SKIP","floor":55}],"player_experience":6425745,"relics_obtained":[{"floor":9,"key":"Lizard Tail"},{"floor":10,"key":"Frozen Egg 2"},{"floor":14,"key":"Bronze Scales"},{"floor":19,"key":"Red Mask"},{"floor":23,"key":"StoneCalendar"},{"floor":25,"key":"Akabeko"},{"floor":26,"key":"Pantograph"},{"floor":27,"key":"The Courier"},{"floor":30,"key":"CeramicFish"},{"floor":40,"key":"Dream Catcher"},{"floor":42,"key":"Pen Nib"},{"floor":55,"key":"Eternal Feather"}],"event_choices":[{"damage_healed":0,"gold_gain":0,"player_choice":"0 cards matched","damage_taken":0,"max_hp_gain":0,"max_hp_loss":0,"event_name":"Match and Keep!","floor":3,"gold_loss":0,"cards_obtained":[]},{"damage_healed":0,"gold_gain":0,"player_choice":"Upgraded","damage_taken":0,"max_hp_gain":0,"max_hp_loss":0,"event_name":"Upgrade Shrine","floor":7,"gold_loss":0,"cards_upgraded":["Neutralize"]},{"damage_healed":0,"gold_gain":0,"player_choice":"Fought Bandits","damage_taken":0,"max_hp_gain":0,"max_hp_loss":0,"event_name":"Masked Bandits","floor":19,"gold_loss":0},{"damage_healed":0,"gold_gain":0,"player_choice":"Forge","damage_taken":0,"max_hp_gain":0,"max_hp_loss":0,"event_name":"Accursed Blacksmith","floor":28,"gold_loss":0,"cards_upgraded":["Acrobatics"]},{"damage_healed":0,"gold_gain":0,"player_choice":"Max HP","damage_taken":0,"max_hp_gain":0,"max_hp_loss":4,"event_name":"Winding Halls","floor":38,"gold_loss":0},{"damage_healed":0,"gold_gain":0,"player_choice":"Copied","damage_taken":0,"max_hp_gain":0,"max_hp_loss":0,"event_name":"Duplicator","floor":39,"gold_loss":0,"cards_obtained":["Wraith Form v2"]},{"cards_removed":["Underhanded Strike"],"damage_healed":0,"gold_gain":0,"player_choice":"Removed Attack","damage_taken":0,"max_hp_gain":0,"max_hp_loss":0,"event_name":"Falling","floor":47,"gold_loss":0}],"is_beta":false,"boss_relics":[{"not_picked":["Ectoplasm","Cursed Key"],"picked":"SlaversCollar"},{"not_picked":["Calling Bell","Coffee Dripper"],"picked":"HoveringKite"}],"items_purged_floors":[12,20,36,54],"is_endless":false,"potions_floor_spawned":[4,10,11,19,21,22,25,29,33,35,42,45,55],"ascension_level":20}