{"gold_per_floor":[99,99,99,59,59,59,59,24,24,24,24,24,24,24,24,24,24,24,24,24,0,0,0,0,0,0,0,0,0,0,0,0,0,0,0,0,0,0,0,0,0,0,0,0,0,0,0,0,0,0,0,0,0,0,0,0],"floor_reached":57,"playtime":4323,"items_purged":[],"score":3224,"play_id":"ea4cf14a-ed4c-49e4-8d22-dfb0c09a1cfd","local_time":"20220302135333","is_ascension_mode":true,"campfire_choices":[{"data":"Blade Dance","floor":7,"key":"SMITH"},{"data":"Underhanded Strike","floor":10,"key":"SMITH"},{"data":"Accuracy","floor":13,"key":"SMITH"},{"floor":15,"key":"REST"},{"data":"Doppelganger","floor":24,"key":"SMITH"},{"data":"1","floor":30,"key":"LIFT"},{"data":"2","floor":32,"key":"LIFT"},{"data":"3","floor":40,"key":"LIFT"},{"floor":42,"key":"RECALL"},{"data":"Malaise","floor":49,"key":"SMITH"},{"floor":53,"key":"REST"}],"neow_cost":"NONE","seed_source_timestamp":499726936676000,"circlet_count":0,"master_deck":["AscendersBane","Strike_G+1","Strike_G+1","Strike_G+1","Defend_G+1","Defend_G+1","Defend_G+1","Defend_G+1","Defend_G+1","Survivor+1","Neutralize+1","Calculated Gamble+1","Dagger Throw+1","Blade Dance+1","Underhanded Strike+1","Calculated Gamble+1","Adrenaline+1","Accuracy+1","Blade Dance+1","Doppelganger+1","Envenom+1","Adrenaline+1","Blade Dance+1","Blade Dance+1","Envenom+1","Acrobatics+1","PiercingWail+1","Acrobatics+1","PiercingWail+1","Terror","PiercingWail","Caltrops+1","Finisher+1","Malaise+1","Tools of the Trade+1"],"relics":["Ectoplasm","Akabeko","Art of War","Dream Catcher","WristBlade","Frozen Egg 2","Mummified Hand","White Beast Statue","Girya","Red Mask","Runic Pyramid","FossilizedHelix","Mark of the Bloom","Sundial","TungstenRod","Regal Pillow","Pen Nib"],"potions_floor_usage":[6,11,18,27,29,33,51,55,56],"damage_taken":[{"damage":1,"enemies":"Cultist","floor":1,"turns":5},{"damage":2,"enemies":"Jaw Worm","floor":2,"turns":6},{"damage":2,"enemies":"2 Louse","floor":3,"turns":2},{"damage":3,"enemies":"Looter","floor":4,"turns":3},{"damage":22,"enemies":"3 Sentries","floor":6,"turns":10},{"damage":34,"enemies":"Lagavulin","floor":11,"turns":8},{"damage":0,"enemies":"Exordium Wildlife","floor":12,"turns":4},{"damage":0,"enemies":"Blue Slaver","floor":14,"turns":1},{"damage":9,"enemies":"Slime Boss","floor":16,"turns":8},{"damage":9,"enemies":"3 Byrds","floor":18,"turns":5},{"damage":6,"enemies":"2 Thieves","floor":21,"turns":2},{"damage":0,"enemies":"Centurion and Healer","floor":22,"turns":4},{"damage":6,"enemies":"Gremlin Leader","floor":23,"turns":5},{"damage":13,"enemies":"Slavers","floor":25,"turns":2},{"damage":0,"enemies":"Gremlin Leader","floor":27,"turns":3},{"damage":0,"enemies":"Snecko","floor":28,"turns":3},{"damage":0,"enemies":"Snake Plant","floor":29,"turns":3},{"damage":0,"enemies":"Masked Bandits","floor":31,"turns":2},{"damage":12,"enemies":"Automaton","floor":33,"turns":5},{"damage":0,"enemies":"3 Shapes","floor":35,"turns":5},{"damage":5,"enemies":"2 Orb Walkers","floor":37,"turns":3},{"damage":0,"enemies":"Orb Walker","floor":39,"turns":1},{"damage":0,"enemies":"Giant Head","floor":41,"turns":3},{"damage":0,"enemies":"Nemesis","floor":44,"turns":3},{"damage":0,"enemies":"Maw","floor":45,"turns":3},{"damage":0,"enemies":"Reptomancer","floor":46,"turns":2},{"damage":0,"enemies":"Jaw Worm Horde","floor":47,"turns":2},{"damage":0,"enemies":"3 Darklings","floor":48,"turns":2},{"damage":0,"enemies":"Time Eater","floor":50,"turns":8},{"damage":0,"enemies":"Donu and Deca","floor":51,"turns":5},{"damage":10,"enemies":"Shield and Spear","floor":55,"turns":6},{"damage":35,"enemies":"The Heart","floor":56,"turns":8}],"seed_played":"8858377668324259023","potions_obtained":[{"floor":1,"key":"AttackPotion"},{"floor":3,"key":"PowerPotion"},{"floor":11,"key":"FairyPotion"},{"floor":16,"key":"ColorlessPotion"},{"floor":25,"key":"Swift Potion"},{"floor":27,"key":"Explosive Potion"},{"floor":28,"key":"AttackPotion"},{"floor":29,"key":"CultistPotion"},{"floor":33,"key":"Block Potion"},{"floor":39,"key":"ColorlessPotion"},{"floor":45,"key":"GhostInAJar"},{"floor":55,"key":"SkillPotion"}],"is_trial":false,"path_per_floor":["M","M","M","M","$","E","R","?","T","R","E","M","R","M","R","B",null,"M","?","?","M","M","E","R","E","T","E","M","M","R","?","R","B",null,"M","$","?","?","M","R","E","R","T","E","M","E","M","M","R","B","B",null,"R","$","E","B",null],"character_chosen":"THE_SILENT","items_purchased":[],"campfire_rested":2,"item_purchase_floors":[],"current_hp_per_floor":[58,56,54,51,51,29,29,45,45,45,11,11,11,11,30,21,55,46,46,46,40,40,34,34,21,21,21,21,21,21,21,21,9,52,52,52,47,47,47,47,47,47,47,47,47,47,47,47,47,47,47,47,47,47,37,2],"gold":0,"neow_bonus":"BOSS_RELIC","is_prod":false,"is_daily":false,"chose_seed":false,"campfire_upgraded":5,"win_rate":0,"timestamp":1646247213,"path_taken":["M","M","?","M","$","E","R","?","T","R","E","M","R","M","R","BOSS","M","?","?","M","M","E","R","E","T","E","M","M","R","?","R","BOSS","M","$","?","?","M","R","E","R","T","E","M","E","M","M","R","BOSS","BOSS","R","$","E","BOSS"],"build_version":"2022-02-27","purchased_purges":0,"victory":true,"max_hp_per_floor":[66,66,66,66,66,66,66,66,66,66,66,66,66,66,66,66,66,66,66,66,66,66,66,66,66,66,66,66,66,66,66,66,66,66,66,66,66,66,66,66,66,66,66,66,66,66,66,66,66,66,66,66,66,66,66,66],"relic_stats":{"Girya":3,"Mark of the Bloom":48,"Regal Pillow":0,"counters":[32,132],"Pen Nib":[2],"White Beast Statue":[0.0,0.0,0.0,0.4,0.0,0.6000000000000001,0.0,0.0,0.0,0.0,0.0,7.639428864000003],"Dream Catcher":2,"Mummified Hand":[54],"Sundial":[4],"Ectoplasm":880,"Art of War":[14],"obtain_stats":[{"Girya":27,"Mark of the Bloom":38,"Regal Pillow":46,"Pen Nib":55,"Frozen Egg 2":23,"Akabeko":6,"White Beast Statue":26,"Dream Catcher":11,"WristBlade":17,"Mummified Hand":25,"Sundial":41,"Ectoplasm":0,"Art of War":9,"Red Mask":31,"FossilizedHelix":37,"TungstenRod":44,"Ring of the Snake":0,"Runic Pyramid":34},{"Girya":15,"Mark of the Bloom":21,"Regal Pillow":26,"Pen Nib":31,"Frozen Egg 2":13,"Akabeko":5,"White Beast Statue":14,"Dream Catcher":6,"WristBlade":9,"Mummified Hand":14,"Sundial":23,"Ectoplasm":0,"Art of War":5,"Red Mask":18,"FossilizedHelix":21,"TungstenRod":24,"Ring of the Snake":0,"Runic Pyramid":19},{"Girya":68,"Mark of the Bloom":89,"Regal Pillow":101,"Pen Nib":124,"Frozen Egg 2":63,"Akabeko":26,"White Beast Statue":65,"Dream Catcher":34,"WristBlade":47,"Mummified Hand":65,"Sundial":93,"Ectoplasm":0,"Art of War":26,"Red Mask":76,"FossilizedHelix":89,"TungstenRod":96,"Ring of the Snake":0,"Runic Pyramid":81}],"FossilizedHelix":[102],"TungstenRod":16},"card_choices":[{"not_picked":["Flechettes","Prepared"],"picked":"Calculated Gamble","floor":1},{"not_picked":["Bane","Calculated Gamble"],"picked":"Dagger Throw","floor":2},{"not_picked":["Setup","Deflect"],"picked":"Blade Dance","floor":3},{"not_picked":["Sucker Punch","Flying Knee"],"picked":"Underhanded Strike","floor":4},{"not_picked":["Bane","Poisoned Stab"],"picked":"Calculated Gamble","floor":6},{"not_picked":["Sucker Punch","Prepared"],"picked":"Adrenaline","floor":11},{"not_picked":["Dagger Throw","Infinite Blades"],"picked":"Accuracy","floor":12},{"not_picked":["Endless Agony","Quick Slash","Masterful Stab"],"picked":"SKIP","floor":14},{"not_picked":["Endless Agony","Quick Slash","Masterful Stab"],"picked":"SKIP","floor":14},{"not_picked":["Deflect","Underhanded Strike"],"picked":"Blade Dance","floor":15},{"not_picked":["Venomology","Grand Finale"],"picked":"Doppelganger","floor":16},{"not_picked":["Cloak And Dagger","Endless Agony"],"picked":"Blade Dance","floor":21},{"not_picked":["Sucker Punch","Catalyst"],"picked":"Blade Dance","floor":22},{"not_picked":["Sucker Punch","Dodge and Roll"],"picked":"Envenom+1","floor":23},{"not_picked":["Deflect","Leg Sweep"],"picked":"Acrobatics","floor":25},{"not_picked":["Storm of Steel","All Out Attack"],"picked":"PiercingWail","floor":27},{"not_picked":["Crippling Poison","Dagger Throw"],"picked":"Acrobatics","floor":28},{"not_picked":["Dagger Throw","Dodge and Roll","Skewer"],"picked":"SKIP","floor":29},{"not_picked":["Underhanded Strike","Cloak And Dagger","Expertise"],"picked":"SKIP","floor":35},{"not_picked":["Acrobatics","Dodge and Roll+1"],"picked":"PiercingWail+1","floor":39},{"not_picked":["Glass Knife","Riddle With Holes","Sucker Punch"],"picked":"SKIP","floor":41},{"not_picked":["Backstab","Cloak And Dagger"],"picked":"Terror","floor":44},{"not_picked":["Dodge and Roll","Terror+1"],"picked":"PiercingWail","floor":45},{"not_picked":["Setup","Deadly Poison"],"picked":"Caltrops+1","floor":46},{"not_picked":["Setup","Dagger Throw"],"picked":"Finisher+1","floor":47},{"not_picked":["Catalyst+1","Deflect+1"],"picked":"Malaise","floor":48},{"not_picked":["Bane","Flying Knee"],"picked":"Tools of the Trade+1","floor":55}],"player_experience":6364882,"relics_obtained":[{"floor":6,"key":"Akabeko"},{"floor":9,"key":"Art of War"},{"floor":11,"key":"Dream Catcher"},{"floor":23,"key":"Frozen Egg 2"},{"floor":25,"key":"Mummified Hand"},{"floor":26,"key":"White Beast Statue"},{"floor":27,"key":"Girya"},{"floor":31,"key":"Red Mask"},{"floor":37,"key":"FossilizedHelix"},{"floor":41,"key":"Sundial"},{"floor":44,"key":"TungstenRod"},{"floor":46,"key":"Regal Pillow"},{"floor":55,"key":"Pen Nib"}],"event_choices":[{"damage_healed":16,"gold_gain":0,"player_choice":"Healed","damage_taken":0,"max_hp_gain":0,"max_hp_loss":0,"event_name":"The Cleric","floor":8,"gold_loss":35},{"damage_healed":0,"gold_gain":0,"cards_transformed":["Strike_G","Strike_G"],"player_choice":"Became Test Subject","damage_taken":0,"max_hp_gain":0,"max_hp_loss":0,"event_name":"Drug Dealer","floor":19,"gold_loss":0,"cards_obtained":["Envenom","Adrenaline"]},{"damage_healed":0,"gold_gain":50,"player_choice":"Stole From Cult","damage_taken":0,"max_hp_gain":0,"max_hp_loss":0,"event_name":"Nest","floor":20,"gold_loss":0},{"damage_healed":0,"gold_gain":0,"player_choice":"Fought Bandits","damage_taken":0,"max_hp_gain":0,"max_hp_loss":0,"event_name":"Masked Bandits","floor":31,"gold_loss":0},{"damage_healed":0,"gold_gain":0,"player_choice":"Fight","damage_taken":0,"max_hp_gain":0,"max_hp_loss":0,"event_name":"Mysterious Sphere","floor":37,"gold_loss":0},{"damage_healed":0,"gold_gain":0,"player_choice":"Upgrade","damage_taken":0,"relics_obtained":["Mark of the Bloom"],"max_hp_gain":0,"max_hp_loss":0,"event_name":"MindBloom","floor":38,"gold_loss":0,"cards_upgraded":["Strike_G","Strike_G","Strike_G","Defend_G","Defend_G","Defend_G","Defend_G","Defend_G","Survivor","Neutralize","Calculated Gamble","Dagger Throw","Calculated Gamble","Adrenaline","Blade Dance","Envenom","Adrenaline","Blade Dance","Blade Dance","Acrobatics","PiercingWail","Acrobatics"]}],"is_beta":false,"boss_relics":[{"not_picked":["SlaversCollar","HoveringKite"],"picked":"WristBlade"},{"not_picked":["Velvet Choker","Empty Cage"],"picked":"Runic Pyramid"}],"items_purged_floors":[],"is_endless":false,"potions_floor_spawned":[1,3,11,16,25,27,28,29,31,33,35,37,39,41,44,45,46,47,48,55],"ascension_level":20}