{"gold_per_floor":[109,122,122,122,140,169,169,180,180,19,52,52,80,92,92,163,163,183,183,196,40,60,95,95,123,123,150,150,50,75,95,95,172,172,186,204,154,167,178,211,228,256,256,131,147,147,159,192,192,192,192,192,192,42,68,68],"floor_reached":57,"playtime":3503,"items_purged":["Strike_G","Strike_G","Defend_G","Defend_G"],"score":3559,"play_id":"ddd9ab66-1d1d-4353-b7b2-0e8760e1696c","local_time":"20220311171639","is_ascension_mode":true,"campfire_choices":[{"data":"Wraith Form v2","floor":7,"key":"SMITH"},{"data":"A Thousand Cuts","floor":12,"key":"SMITH"},{"floor":15,"key":"REST"},{"data":"Phantasmal Killer","floor":24,"key":"SMITH"},{"data":"Blade Dance","floor":28,"key":"SMITH"},{"data":"Burst","floor":32,"key":"SMITH"},{"floor":46,"key":"RECALL"},{"data":"Venomology","floor":49,"key":"SMITH"},{"floor":53,"key":"REST"}],"neow_cost":"NONE","seed_source_timestamp":1290335107528700,"circlet_count":0,"master_deck":["AscendersBane","Strike_G+1","Strike_G","Defend_G","Defend_G","Survivor","Neutralize","Finisher+1","Quick Slash","Wraith Form v2+1","Dagger Spray","A Thousand Cuts+1","PiercingWail","Venomology+1","PiercingWail+1","Phantasmal Killer+1","Blade Dance+1","After Image","Deflect+1","Burst+1","Wraith Form v2+1","Blade Dance","Acrobatics+1","Blade Dance","Sucker Punch+1","Concentrate+1"],"relics":["Philosopher\u0027s Stone","TungstenRod","Mummified Hand","Sling","Sundial","Nunchaku","Runic Pyramid","Meat on the Bone","Paper Crane","Tiny Chest","Pocketwatch","WristBlade","Singing Bowl","Frozen Egg 2","InkBottle","Tingsha","Orichalcum"],"potions_floor_usage":[6,16,18,20,22,22,23,27,30,31,31,33,35,36,38,39,40,40,41,42,45,45,47,50,51,55,56,56,56,56],"damage_taken":[{"damage":2,"enemies":"Cultist","floor":1,"turns":4},{"damage":2,"enemies":"Small Slimes","floor":2,"turns":3},{"damage":4,"enemies":"Jaw Worm","floor":5,"turns":2},{"damage":1,"enemies":"Lagavulin","floor":6,"turns":4},{"damage":0,"enemies":"Gremlin Gang","floor":8,"turns":3},{"damage":0,"enemies":"3 Sentries","floor":11,"turns":5},{"damage":0,"enemies":"Lagavulin","floor":13,"turns":6},{"damage":0,"enemies":"Blue Slaver","floor":14,"turns":3},{"damage":18,"enemies":"The Guardian","floor":16,"turns":9},{"damage":11,"enemies":"2 Thieves","floor":18,"turns":4},{"damage":5,"enemies":"Shell Parasite","floor":20,"turns":4},{"damage":16,"enemies":"Centurion and Healer","floor":22,"turns":6},{"damage":0,"enemies":"Slavers","floor":23,"turns":4},{"damage":0,"enemies":"Gremlin Leader","floor":25,"turns":7},{"damage":0,"enemies":"Book of Stabbing","floor":27,"turns":4},{"damage":0,"enemies":"Gremlin Leader","floor":30,"turns":4},{"damage":8,"enemies":"Shelled Parasite and Fungi","floor":31,"turns":4},{"damage":0,"enemies":"Automaton","floor":33,"turns":10},{"damage":0,"enemies":"3 Darklings","floor":35,"turns":4},{"damage":1,"enemies":"3 Shapes","floor":36,"turns":4},{"damage":0,"enemies":"Spire Growth","floor":38,"turns":4},{"damage":0,"enemies":"Transient","floor":39,"turns":6},{"damage":0,"enemies":"Giant Head","floor":40,"turns":5},{"damage":0,"enemies":"Sphere and 2 Shapes","floor":41,"turns":3},{"damage":0,"enemies":"Reptomancer","floor":42,"turns":4},{"damage":0,"enemies":"Writhing Mass","floor":45,"turns":4},{"damage":0,"enemies":"Maw","floor":47,"turns":4},{"damage":0,"enemies":"Giant Head","floor":48,"turns":3},{"damage":35,"enemies":"Donu and Deca","floor":50,"turns":8},{"damage":13,"enemies":"Time Eater","floor":51,"turns":4},{"damage":0,"enemies":"Shield and Spear","floor":55,"turns":4},{"damage":0,"enemies":"The Heart","floor":56,"turns":8}],"seed_played":"5432537669546042985","potions_obtained":[{"floor":1,"key":"Strength Potion"},{"floor":14,"key":"CunningPotion"},{"floor":16,"key":"CunningPotion"},{"floor":18,"key":"Poison Potion"},{"floor":25,"key":"DistilledChaos"},{"floor":30,"key":"EntropicBrew"},{"floor":33,"key":"Ancient Potion"},{"floor":40,"key":"Swift Potion"}],"is_trial":false,"path_per_floor":["M","M","?","?","M","E","R","M","T","$","E","R","E","M","R","B",null,"M","?","M","$","M","E","R","E","T","E","R","$","E","M","R","B",null,"M","M","?","M","M","E","M","E","T","$","M","R","M","E","R","B","B",null,"R","$","E","B",null],"character_chosen":"THE_SILENT","items_purchased":["Sling","Regen Potion"],"campfire_rested":2,"item_purchase_floors":[10,21],"current_hp_per_floor":[57,55,35,35,31,30,30,30,30,30,30,30,30,30,49,31,57,46,46,41,41,40,40,40,40,40,40,40,40,40,44,44,44,61,61,60,60,60,66,66,66,68,68,68,68,68,70,72,72,37,36,63,72,72,74,74],"gold":68,"neow_bonus":"BOSS_RELIC","is_prod":false,"is_daily":false,"chose_seed":false,"campfire_upgraded":6,"win_rate":0,"timestamp":1647036999,"path_taken":["M","M","?","?","M","E","R","?","T","$","E","R","E","M","R","BOSS","M","?","M","?","M","E","R","E","T","E","R","$","E","M","R","BOSS","M","?","?","M","M","E","M","E","T","$","?","R","M","E","R","BOSS","BOSS","R","$","E","BOSS"],"build_version":"2022-03-07","purchased_purges":4,"victory":true,"max_hp_per_floor":[66,66,66,66,66,66,66,66,66,66,66,66,66,66,66,66,66,66,66,66,66,66,66,66,66,66,66,66,66,66,66,66,66,66,66,66,66,66,66,66,66,68,68,68,68,68,70,72,72,72,72,72,72,72,74,74],"relic_stats":{"Singing Bowl":8,"counters":[32,151],"Tingsha":[69],"Orichalcum":[36],"Nunchaku":[39],"Mummified Hand":[81],"Sundial":[20],"Tiny Chest":0,"obtain_stats":[{"Singing Bowl":40,"Tingsha":48,"Paper Crane":25,"Frozen Egg 2":42,"Orichalcum":55,"Sling":10,"Nunchaku":13,"WristBlade":34,"Mummified Hand":9,"Sundial":11,"Philosopher\u0027s Stone":0,"Tiny Chest":27,"TungstenRod":6,"InkBottle":43,"Ring of the Snake":0,"Runic Pyramid":17,"Meat on the Bone":23,"Pocketwatch":30},{"Singing Bowl":23,"Tingsha":28,"Paper Crane":14,"Frozen Egg 2":25,"Orichalcum":31,"Sling":5,"Nunchaku":7,"WristBlade":18,"Mummified Hand":5,"Sundial":6,"Philosopher\u0027s Stone":0,"Tiny Chest":15,"TungstenRod":4,"InkBottle":25,"Ring of the Snake":0,"Runic Pyramid":9,"Meat on the Bone":13,"Pocketwatch":16},{"Singing Bowl":109,"Tingsha":127,"Paper Crane":64,"Frozen Egg 2":116,"Orichalcum":143,"Sling":16,"Nunchaku":27,"WristBlade":86,"Mummified Hand":16,"Sundial":21,"Philosopher\u0027s Stone":0,"Tiny Chest":68,"TungstenRod":13,"InkBottle":116,"Ring of the Snake":0,"Runic Pyramid":39,"Meat on the Bone":57,"Pocketwatch":72}],"TungstenRod":88,"InkBottle":[30],"Meat on the Bone":24,"Pocketwatch":[31]},"card_choices":[{"not_picked":["Flechettes","Dodge and Roll"],"picked":"Finisher","floor":1},{"not_picked":["Sucker Punch","Outmaneuver"],"picked":"Quick Slash","floor":2},{"not_picked":["Cloak And Dagger","Underhanded Strike"],"picked":"Dagger Spray","floor":5},{"not_picked":["Dagger Spray","Catalyst","Leg Sweep"],"picked":"SKIP","floor":6},{"not_picked":["Backflip","Dagger Spray"],"picked":"A Thousand Cuts","floor":11},{"not_picked":["Poisoned Stab","Quick Slash"],"picked":"PiercingWail","floor":13},{"not_picked":["Glass Knife","Tools of the Trade"],"picked":"Venomology","floor":16},{"not_picked":["Underhanded Strike","Outmaneuver","Catalyst"],"picked":"SKIP","floor":18},{"not_picked":["Dagger Throw","Dagger Spray","Poisoned Stab+1"],"picked":"SKIP","floor":20},{"not_picked":["Slice","Calculated Gamble"],"picked":"PiercingWail+1","floor":22},{"not_picked":["Finisher","PiercingWail"],"picked":"Phantasmal Killer","floor":23},{"not_picked":["Dagger Throw","Backflip"],"picked":"Blade Dance","floor":25},{"not_picked":["Catalyst+1","Dagger Throw"],"picked":"After Image","floor":27},{"not_picked":["Reflex","Deadly Poison"],"picked":"Deflect+1","floor":30},{"not_picked":["Skewer","Noxious Fumes"],"picked":"Burst","floor":31},{"not_picked":["Venomology","Tools of the Trade"],"picked":"Wraith Form v2","floor":33},{"not_picked":["Poisoned Stab","Slice","Heel Hook"],"picked":"SKIP","floor":35},{"not_picked":["Backstab","Sucker Punch"],"picked":"Blade Dance","floor":36},{"not_picked":["Slice","Prepared+1"],"picked":"Acrobatics+1","floor":38},{"not_picked":["Catalyst","Concentrate"],"picked":"Blade Dance","floor":40},{"not_picked":["Poisoned Stab","Deflect"],"picked":"Sucker Punch+1","floor":41},{"not_picked":["Slice+1","Die Die Die","Prepared"],"picked":"Singing Bowl","floor":42},{"not_picked":["Acrobatics","Cloak And Dagger"],"picked":"Concentrate+1","floor":45},{"not_picked":["Eviscerate","Deadly Poison","Flying Knee"],"picked":"Singing Bowl","floor":47},{"not_picked":["Dagger Spray+1","Dodge and Roll+1","Grand Finale"],"picked":"Singing Bowl","floor":48},{"not_picked":["Acrobatics","Concentrate","Slice"],"picked":"Singing Bowl","floor":55}],"player_experience":6456951,"relics_obtained":[{"floor":6,"key":"TungstenRod"},{"floor":9,"key":"Mummified Hand"},{"floor":11,"key":"Sundial"},{"floor":13,"key":"Nunchaku"},{"floor":23,"key":"Meat on the Bone"},{"floor":25,"key":"Paper Crane"},{"floor":27,"key":"Tiny Chest"},{"floor":30,"key":"Pocketwatch"},{"floor":40,"key":"Singing Bowl"},{"floor":42,"key":"Frozen Egg 2"},{"floor":43,"key":"InkBottle"},{"floor":48,"key":"Tingsha"},{"floor":55,"key":"Orichalcum"}],"event_choices":[{"damage_healed":0,"gold_gain":0,"player_choice":"Entered Light","damage_taken":20,"max_hp_gain":0,"max_hp_loss":0,"event_name":"Shining Light","floor":3,"gold_loss":0,"cards_upgraded":["Strike_G","Finisher"]},{"damage_healed":0,"gold_gain":0,"cards_transformed":["Defend_G"],"player_choice":"Transformed","damage_taken":0,"max_hp_gain":0,"max_hp_loss":0,"event_name":"Transmorgrifier","floor":4,"gold_loss":0,"cards_obtained":["Wraith Form v2"]},{"cards_removed":["Strike_G"],"damage_healed":0,"gold_gain":0,"player_choice":"Purged","damage_taken":0,"max_hp_gain":0,"max_hp_loss":0,"event_name":"Purifier","floor":19,"gold_loss":0},{"damage_healed":0,"gold_gain":0,"player_choice":"Upgrade","damage_taken":0,"max_hp_gain":0,"max_hp_loss":0,"event_name":"Designer","floor":37,"gold_loss":50,"cards_upgraded":["Wraith Form v2"]}],"is_beta":false,"boss_relics":[{"not_picked":["Snecko Eye","HoveringKite"],"picked":"Runic Pyramid"},{"not_picked":["Busted Crown","Astrolabe"],"picked":"WristBlade"}],"items_purged_floors":[21,29,44,54],"is_endless":false,"potions_floor_spawned":[1,14,16,18,25,30,33,39,40,42,45],"ascension_level":20}