{"gold_per_floor":[112,128,142,142,142,142,67,85,85,85,98,136,149,169,169,264,264,282,282,22,22,47,47,85,105,105,105,125,125,155,155,155,155],"floor_reached":33,"playtime":2158,"items_purged":["Strike_G","Strike_G"],"score":574,"play_id":"6fdd94f8-8b71-4d18-8c61-edc92adb25d1","local_time":"20220311161647","is_ascension_mode":true,"campfire_choices":[{"data":"Bane","floor":6,"key":"SMITH"},{"data":"Neutralize","floor":10,"key":"SMITH"},{"data":"Glass Knife","floor":15,"key":"SMITH"},{"data":"Deadly Poison","floor":23,"key":"SMITH"},{"data":"Bouncing Flask","floor":27,"key":"SMITH"},{"floor":32,"key":"DIG"}],"neow_cost":"NONE","seed_source_timestamp":1288111136918100,"circlet_count":0,"master_deck":["AscendersBane","Strike_G","Defend_G","Defend_G","Defend_G","Defend_G","Survivor","Neutralize+1","Deadly Poison+1","Poisoned Stab","Predator","Poisoned Stab","Glass Knife+1","Adrenaline","Leg Sweep","PiercingWail+1","Dodge and Roll+1","Bouncing Flask+1","Terror","Crippling Poison"],"relics":["Empty Cage","Bloody Idol","Paper Crane","Frozen Egg 2","Coffee Dripper","Unceasing Top","Shovel","Tough Bandages","Tingsha"],"potions_floor_usage":[12,16,16,22,24,28,30,33,33],"damage_taken":[{"damage":3,"enemies":"Jaw Worm","floor":1,"turns":5},{"damage":1,"enemies":"Small Slimes","floor":2,"turns":4},{"damage":0,"enemies":"Cultist","floor":3,"turns":3},{"damage":16,"enemies":"Large Slime","floor":8,"turns":5},{"damage":0,"enemies":"3 Louse","floor":11,"turns":3},{"damage":3,"enemies":"Gremlin Nob","floor":12,"turns":3},{"damage":0,"enemies":"Exordium Thugs","floor":13,"turns":3},{"damage":7,"enemies":"Gremlin Gang","floor":14,"turns":5},{"damage":27,"enemies":"The Guardian","floor":16,"turns":10},{"damage":0,"enemies":"Chosen","floor":18,"turns":3},{"damage":0,"enemies":"Shell Parasite","floor":22,"turns":6},{"damage":19,"enemies":"Slavers","floor":24,"turns":6},{"damage":5,"enemies":"Snake Plant","floor":25,"turns":4},{"damage":8,"enemies":"Shelled Parasite and Fungi","floor":28,"turns":4},{"damage":8,"enemies":"Gremlin Leader","floor":30,"turns":6},{"damage":20,"enemies":"Champ","floor":33,"turns":11}],"seed_played":"454096856552763887","potions_obtained":[{"floor":1,"key":"Dexterity Potion"},{"floor":2,"key":"GamblersBrew"},{"floor":13,"key":"BlessingOfTheForge"},{"floor":22,"key":"Fire Potion"},{"floor":24,"key":"BlessingOfTheForge"},{"floor":28,"key":"SneckoOil"},{"floor":30,"key":"AttackPotion"}],"is_trial":false,"path_per_floor":["M","M","M","?","?","R","$","M","T","R","M","E","M","M","R","B",null,"M","?","$","?","M","R","E","M","T","R","M","?","E","?","R","B"],"character_chosen":"THE_SILENT","items_purchased":["Leg Sweep","Regen Potion"],"campfire_rested":0,"item_purchase_floors":[20,20],"current_hp_per_floor":[56,55,55,55,55,55,55,39,39,39,39,36,36,29,29,2,46,46,34,34,34,49,49,30,25,25,25,17,17,14,14,14,0],"gold":155,"neow_bonus":"BOSS_RELIC","is_prod":false,"is_daily":false,"chose_seed":false,"campfire_upgraded":5,"win_rate":0,"timestamp":1647033407,"path_taken":["M","M","M","?","?","R","$","M","T","R","M","E","M","M","R","BOSS","M","?","?","?","M","R","E","M","T","R","M","?","E","?","R","BOSS"],"build_version":"2022-03-07","purchased_purges":2,"victory":false,"max_hp_per_floor":[66,66,66,60,60,60,60,60,60,60,60,60,60,60,60,60,60,60,60,60,60,60,60,60,60,60,60,60,60,60,60,60,60],"relic_stats":{"Tough Bandages":[3],"Shovel":1,"counters":[16,81],"Bloody Idol":5,"Tingsha":[3],"obtain_stats":[{"Tough Bandages":31,"Shovel":30,"Golden Idol":4,"Bloody Idol":29,"Tingsha":32,"Coffee Dripper":17,"Paper Crane":9,"Frozen Egg 2":12,"Empty Cage":0,"Unceasing Top":24,"Ring of the Snake":0},{"Tough Bandages":15,"Shovel":15,"Golden Idol":3,"Bloody Idol":14,"Tingsha":15,"Coffee Dripper":9,"Paper Crane":4,"Frozen Egg 2":6,"Empty Cage":0,"Unceasing Top":12,"Ring of the Snake":0},{"Tough Bandages":70,"Shovel":70,"Golden Idol":12,"Bloody Idol":64,"Tingsha":70,"Coffee Dripper":41,"Paper Crane":17,"Frozen Egg 2":23,"Empty Cage":0,"Unceasing Top":56,"Ring of the Snake":0}],"Unceasing Top":[3]},"card_choices":[{"not_picked":["Accuracy","Distraction"],"picked":"Deadly Poison","floor":1},{"not_picked":["Prepared","Dagger Throw"],"picked":"Poisoned Stab","floor":2},{"not_picked":["Dagger Spray","Noxious Fumes"],"picked":"Bane","floor":3},{"not_picked":["Blur","Flying Knee"],"picked":"Predator","floor":8},{"not_picked":["Slice","Flechettes"],"picked":"Poisoned Stab","floor":11},{"not_picked":["Flying Knee","Quick Slash"],"picked":"Glass Knife","floor":12},{"not_picked":["Prepared","Endless Agony","Cloak And Dagger"],"picked":"SKIP","floor":13},{"not_picked":["Phantasmal Killer","Burst"],"picked":"Adrenaline","floor":16},{"not_picked":["Quick Slash","Bane","Backstab"],"picked":"SKIP","floor":18},{"not_picked":["Quick Slash","Finisher"],"picked":"PiercingWail+1","floor":22},{"not_picked":["Bouncing Flask","Phantasmal Killer"],"picked":"Dodge and Roll+1","floor":24},{"not_picked":["Outmaneuver","Cloak And Dagger"],"picked":"Bouncing Flask","floor":25},{"not_picked":["Blur","Dodge and Roll+1"],"picked":"Terror","floor":28},{"not_picked":["Flying Knee","Storm of Steel"],"picked":"Crippling Poison","floor":30}],"player_experience":6454793,"relics_obtained":[{"floor":9,"key":"Paper Crane"},{"floor":12,"key":"Frozen Egg 2"},{"floor":24,"key":"Unceasing Top"},{"floor":30,"key":"Shovel"},{"floor":32,"key":"Tingsha"}],"event_choices":[{"damage_healed":0,"gold_gain":0,"player_choice":"Lose Max HP","damage_taken":0,"relics_obtained":["Golden Idol"],"max_hp_gain":0,"max_hp_loss":6,"event_name":"Golden Idol","floor":4,"gold_loss":0},{"cards_removed":["Strike_G"],"damage_healed":0,"gold_gain":0,"player_choice":"Forget","damage_taken":0,"max_hp_gain":0,"max_hp_loss":0,"event_name":"Living Wall","floor":5,"gold_loss":0},{"damage_healed":0,"gold_gain":0,"player_choice":"POTION ","damage_taken":12,"max_hp_gain":0,"max_hp_loss":0,"event_name":"Knowing Skull","floor":19,"potions_obtained":["Explosive Potion"],"gold_loss":0,"cards_obtained":[]},{"damage_healed":0,"gold_gain":0,"player_choice":"Gave Idol","damage_taken":0,"relics_obtained":["Bloody Idol"],"max_hp_gain":0,"max_hp_loss":0,"event_name":"Forgotten Altar","floor":29,"relics_lost":["Golden Idol"],"gold_loss":0},{"cards_removed":["Bane"],"damage_healed":0,"gold_gain":0,"player_choice":"Gave Card","damage_taken":0,"relics_obtained":["Tough Bandages"],"max_hp_gain":0,"max_hp_loss":0,"event_name":"WeMeetAgain","floor":31,"gold_loss":0}],"is_beta":false,"boss_relics":[{"not_picked":["HoveringKite","SlaversCollar"],"picked":"Coffee Dripper"}],"items_purged_floors":[7,20],"is_endless":false,"potions_floor_spawned":[1,2,13,22,24,28,30],"killed_by":"Champ","ascension_level":20}