{"gold_per_floor":[118,137,156,172,185,214,214,246,246,271,271,271,236,249,249,321,321,340,340,10,26,38,38,50,50,50,50,69,89,100,427,427,505,505,525,535,1534,1534,417,452,452,477,477,477,488,488,499,525,525,525,525,525,525,23,52,52],"floor_reached":57,"playtime":4414,"items_purged":["Backstab","Normality","Normality"],"score":2918,"play_id":"61725a08-2d70-4750-a353-998f4b240236","local_time":"20220317134244","is_ascension_mode":true,"campfire_choices":[{"floor":7,"key":"REST"},{"data":"Corpse Explosion","floor":15,"key":"SMITH"},{"data":"Phantasmal Killer","floor":23,"key":"SMITH"},{"data":"Malaise","floor":25,"key":"SMITH"},{"data":"Acrobatics","floor":27,"key":"SMITH"},{"data":"Backflip","floor":32,"key":"SMITH"},{"floor":41,"key":"RECALL"},{"floor":44,"key":"REST"},{"floor":49,"key":"REST"},{"floor":53,"key":"REST"}],"neow_cost":"NONE","seed_source_timestamp":1791390479206000,"circlet_count":0,"master_deck":["AscendersBane","Survivor","Neutralize","Backflip+1","Bouncing Flask","Flying Knee","Acrobatics+1","Corpse Explosion+1","Slice+1","Bane+1","Backflip","Adrenaline","Riddle With Holes+1","Predator+1","Backstab+1","Quick Slash+1","Riddle With Holes+1","Noxious Fumes","Dagger Spray+1","Distraction","All Out Attack+1","Phantasmal Killer+1","Terror+1","Malaise+1","Neutralize+1","Dodge and Roll+1","Dash+1","Phantasmal Killer","Footwork","Master of Strategy","Transmutation","PanicButton","Acrobatics","Backflip","Apotheosis","Escape Plan","Blur+1","Clumsy","Well Laid Plans","Adrenaline","Acrobatics","Footwork","Blur+1"],"relics":["Cursed Key","Thread and Needle","Molten Egg 2","The Courier","TungstenRod","Pandora\u0027s Box","Pocketwatch","Old Coin","Fusion Hammer","FossilizedHelix","Pantograph","Lee\u0027s Waffle","Shuriken","Ice Cream","Centennial Puzzle","Regal Pillow","Orrery","HornCleat","Nunchaku"],"potions_floor_usage":[6,16,28,31,36,56,56,56,56],"damage_taken":[{"damage":3,"enemies":"Small Slimes","floor":1,"turns":5},{"damage":9,"enemies":"Jaw Worm","floor":2,"turns":6},{"damage":3,"enemies":"2 Louse","floor":3,"turns":4},{"damage":1,"enemies":"2 Fungi Beasts","floor":4,"turns":3},{"damage":10,"enemies":"Gremlin Gang","floor":5,"turns":5},{"damage":11,"enemies":"Lagavulin","floor":6,"turns":6},{"damage":2,"enemies":"3 Sentries","floor":8,"turns":4},{"damage":23,"enemies":"Gremlin Nob","floor":10,"turns":4},{"damage":4,"enemies":"3 Louse","floor":14,"turns":2},{"damage":5,"enemies":"Hexaghost","floor":16,"turns":8},{"damage":6,"enemies":"Shell Parasite","floor":18,"turns":3},{"damage":0,"enemies":"3 Byrds","floor":21,"turns":2},{"damage":0,"enemies":"3 Cultists","floor":22,"turns":2},{"damage":0,"enemies":"Snecko","floor":24,"turns":3},{"damage":14,"enemies":"Shelled Parasite and Fungi","floor":28,"turns":4},{"damage":9,"enemies":"Centurion and Healer","floor":29,"turns":3},{"damage":1,"enemies":"Snake Plant","floor":30,"turns":3},{"damage":4,"enemies":"Slavers","floor":31,"turns":4},{"damage":8,"enemies":"Automaton","floor":33,"turns":6},{"damage":0,"enemies":"3 Shapes","floor":35,"turns":5},{"damage":0,"enemies":"Orb Walker","floor":36,"turns":2},{"damage":0,"enemies":"Giant Head","floor":40,"turns":6},{"damage":0,"enemies":"Nemesis","floor":42,"turns":5},{"damage":0,"enemies":"Transient","floor":45,"turns":6},{"damage":0,"enemies":"Writhing Mass","floor":47,"turns":4},{"damage":0,"enemies":"Giant Head","floor":48,"turns":5},{"damage":18,"enemies":"Donu and Deca","floor":50,"turns":6},{"damage":5,"enemies":"Time Eater","floor":51,"turns":10},{"damage":7,"enemies":"Shield and Spear","floor":55,"turns":6},{"damage":7,"enemies":"The Heart","floor":56,"turns":10}],"seed_played":"838763930792120738","potions_obtained":[{"floor":3,"key":"Dexterity Potion"},{"floor":10,"key":"Explosive Potion"},{"floor":14,"key":"LiquidBronze"},{"floor":16,"key":"EntropicBrew"},{"floor":24,"key":"Regen Potion"},{"floor":28,"key":"GamblersBrew"},{"floor":30,"key":"SteroidPotion"},{"floor":35,"key":"Block Potion"},{"floor":36,"key":"Regen Potion"},{"floor":55,"key":"GhostInAJar"}],"is_trial":false,"path_per_floor":["M","M","M","M","M","E","R","E","T","E","?","?","?","M","R","B",null,"M","?","$","M","M","R","M","R","T","R","M","M","M","E","R","B",null,"M","M","?","?","$","E","R","E","T","R","M","?","M","E","R","B","B",null,"R","$","E","B",null],"character_chosen":"THE_SILENT","items_purchased":["Pocketwatch","FossilizedHelix","Pantograph","Lee\u0027s Waffle","Shuriken","Acrobatics","Backflip","Apotheosis","Well Laid Plans","Orrery","HornCleat"],"campfire_rested":4,"item_purchase_floors":[20,39,39,39,39,39,39,39,54,54,54],"current_hp_per_floor":[56,47,44,43,33,22,41,39,39,16,5,5,21,17,17,12,53,47,47,47,47,47,47,47,47,47,47,47,38,37,33,33,25,56,56,56,56,47,73,73,73,73,73,73,73,73,73,73,73,55,68,72,73,73,66,66],"gold":52,"neow_bonus":"BOSS_RELIC","is_prod":false,"is_daily":false,"chose_seed":false,"campfire_upgraded":5,"win_rate":0,"timestamp":1647538964,"path_taken":["M","M","M","M","M","E","R","E","T","E","?","?","?","M","R","BOSS","M","?","$","M","M","R","M","R","T","R","M","?","M","E","R","BOSS","M","M","?","?","$","E","R","E","T","R","M","?","M","E","R","BOSS","BOSS","R","$","E","BOSS"],"build_version":"2022-03-07","purchased_purges":3,"victory":true,"max_hp_per_floor":[66,66,66,66,66,66,66,66,66,66,66,66,66,66,66,66,66,66,66,66,66,66,66,66,66,66,66,66,66,66,66,66,66,66,66,66,66,66,73,73,73,73,73,73,73,73,73,73,73,73,73,73,73,73,73,73],"relic_stats":{"Ice Cream":[91],"Lee\u0027s Waffle":26,"Regal Pillow":0,"counters":[30,142],"The Courier":487,"Cursed Key":1,"Centennial Puzzle":[12],"Nunchaku":[2],"Shuriken":[22],"Pantograph":25,"Pandora\u0027s Box":["Riddle With Holes","Predator","Backstab","Quick Slash","Riddle With Holes","Noxious Fumes","Dagger Spray","Distraction","All Out Attack","Phantasmal Killer"],"obtain_stats":[{"Ice Cream":40,"Lee\u0027s Waffle":39,"Regal Pillow":48,"Thread and Needle":6,"The Courier":10,"Cursed Key":0,"Old Coin":31,"Centennial Puzzle":42,"Nunchaku":55,"HornCleat":54,"Shuriken":39,"Pantograph":39,"Orrery":54,"Molten Egg 2":8,"Pandora\u0027s Box":17,"Fusion Hammer":34,"TungstenRod":12,"FossilizedHelix":39,"Ring of the Snake":0,"Pocketwatch":20},{"Ice Cream":22,"Lee\u0027s Waffle":21,"Regal Pillow":26,"Thread and Needle":6,"The Courier":8,"Cursed Key":0,"Old Coin":18,"Centennial Puzzle":23,"Nunchaku":29,"HornCleat":28,"Shuriken":21,"Pantograph":21,"Orrery":28,"Molten Egg 2":7,"Pandora\u0027s Box":10,"Fusion Hammer":19,"TungstenRod":8,"FossilizedHelix":21,"Ring of the Snake":0,"Pocketwatch":11},{"Ice Cream":90,"Lee\u0027s Waffle":84,"Regal Pillow":110,"Thread and Needle":29,"The Courier":37,"Cursed Key":0,"Old Coin":71,"Centennial Puzzle":95,"Nunchaku":132,"HornCleat":126,"Shuriken":84,"Pantograph":84,"Orrery":126,"Molten Egg 2":33,"Pandora\u0027s Box":47,"Fusion Hammer":77,"TungstenRod":37,"FossilizedHelix":84,"Ring of the Snake":0,"Pocketwatch":50}],"TungstenRod":33,"FossilizedHelix":[91],"Pocketwatch":[114]},"card_choices":[{"not_picked":["Deflect","Expertise"],"picked":"Backflip","floor":1},{"not_picked":["Slice","Caltrops"],"picked":"Bouncing Flask","floor":2},{"not_picked":["Outmaneuver","Bane"],"picked":"Backstab","floor":3},{"not_picked":["Underhanded Strike","Dodge and Roll"],"picked":"Flying Knee","floor":4},{"not_picked":["Slice","Escape Plan"],"picked":"Acrobatics","floor":5},{"not_picked":["Setup","Accuracy"],"picked":"Corpse Explosion","floor":6},{"not_picked":["Expertise","Outmaneuver"],"picked":"Slice+1","floor":8},{"not_picked":["Underhanded Strike+1","Prepared"],"picked":"Bane+1","floor":10},{"not_picked":["Footwork","Expertise"],"picked":"Backflip","floor":14},{"not_picked":["Unload+1","Doppelganger"],"picked":"Adrenaline","floor":16},{"not_picked":["Riddle With Holes+1","Outmaneuver"],"picked":"Terror+1","floor":18},{"not_picked":["Backflip","Tactician"],"picked":"Dodge and Roll+1","floor":21},{"not_picked":["Sucker Punch+1","Eviscerate+1","Flying Knee+1"],"picked":"SKIP","floor":22},{"not_picked":["Sucker Punch+1","Eviscerate+1","Flying Knee+1"],"picked":"SKIP","floor":22},{"not_picked":["Outmaneuver","Noxious Fumes","Sucker Punch+1"],"picked":"SKIP","floor":24},{"not_picked":["Endless Agony+1","Deflect","Eviscerate+1"],"picked":"SKIP","floor":28},{"not_picked":["Endless Agony+1","Deflect","Eviscerate+1"],"picked":"SKIP","floor":28},{"not_picked":["Die Die Die+1","Masterful Stab+1","Setup"],"picked":"SKIP","floor":30},{"not_picked":["Dodge and Roll","Calculated Gamble"],"picked":"Dash+1","floor":31},{"not_picked":["Night Terror","Storm of Steel"],"picked":"Phantasmal Killer","floor":33},{"not_picked":["Dagger Throw+1","Flying Knee+1","Distraction"],"picked":"SKIP","floor":35},{"not_picked":["Dagger Throw+1","Flying Knee+1","Distraction"],"picked":"SKIP","floor":35},{"not_picked":["Heel Hook+1","Sucker Punch+1"],"picked":"Footwork","floor":36},{"not_picked":["Metamorphosis","The Bomb"],"picked":"Master of Strategy","floor":38},{"not_picked":["Finesse","Jack Of All Trades"],"picked":"Transmutation","floor":38},{"not_picked":["Jack Of All Trades","Transmutation"],"picked":"PanicButton","floor":38},{"not_picked":["Finisher+1","Crippling Poison"],"picked":"Escape Plan","floor":40},{"not_picked":["Outmaneuver","Escape Plan"],"picked":"Blur+1","floor":42},{"not_picked":["Distraction","Dagger Spray+1","Cloak And Dagger"],"picked":"SKIP","floor":47},{"not_picked":["Die Die Die+1","Backstab+1","Dodge and Roll+1"],"picked":"SKIP","floor":48},{"not_picked":["Sucker Punch+1","Night Terror"],"picked":"Adrenaline","floor":54},{"not_picked":["Dagger Spray+1","Flechettes+1"],"picked":"Acrobatics","floor":54},{"not_picked":["Blade Dance","Dagger Spray+1"],"picked":"Footwork","floor":54},{"not_picked":["Eviscerate+1","Expertise"],"picked":"Blur+1","floor":55}],"player_experience":6489616,"relics_obtained":[{"floor":6,"key":"Thread and Needle"},{"floor":8,"key":"Molten Egg 2"},{"floor":10,"key":"The Courier"},{"floor":31,"key":"Old Coin"},{"floor":40,"key":"Ice Cream"},{"floor":42,"key":"Centennial Puzzle"},{"floor":48,"key":"Regal Pillow"},{"floor":55,"key":"Nunchaku"}],"event_choices":[{"damage_healed":0,"gold_gain":0,"player_choice":"Fled","damage_taken":11,"max_hp_gain":0,"max_hp_loss":0,"event_name":"Scrap Ooze","floor":11,"gold_loss":0},{"damage_healed":0,"gold_gain":0,"player_choice":"Searched \u00271\u0027 times","damage_taken":0,"relics_obtained":["TungstenRod"],"max_hp_gain":0,"max_hp_loss":0,"event_name":"Dead Adventurer","floor":12,"gold_loss":0},{"damage_healed":16,"gold_gain":0,"player_choice":"Healed","damage_taken":0,"max_hp_gain":0,"max_hp_loss":0,"event_name":"The Cleric","floor":13,"gold_loss":35},{"damage_healed":0,"gold_gain":0,"player_choice":"2 cards matched","damage_taken":0,"max_hp_gain":0,"max_hp_loss":0,"event_name":"Match and Keep!","floor":19,"gold_loss":0,"cards_obtained":["Malaise","Neutralize"]},{"damage_healed":0,"gold_gain":999,"player_choice":"Gold","damage_taken":0,"max_hp_gain":0,"max_hp_loss":0,"event_name":"MindBloom","floor":37,"gold_loss":0,"cards_obtained":["Normality","Normality"]},{"damage_healed":0,"gold_gain":0,"player_choice":"Memory 3","damage_taken":10,"max_hp_gain":0,"max_hp_loss":0,"event_name":"SensoryStone","floor":38,"gold_loss":0},{"damage_healed":0,"gold_gain":0,"player_choice":"Ignored","damage_taken":0,"max_hp_gain":0,"max_hp_loss":0,"event_name":"Tomb of Lord Red Mask","floor":46,"gold_loss":0}],"is_beta":false,"boss_relics":[{"not_picked":["Busted Crown","Coffee Dripper"],"picked":"Pandora\u0027s Box"},{"not_picked":["Runic Dome","SacredBark"],"picked":"Fusion Hammer"}],"items_purged_floors":[20,39,54],"is_endless":false,"potions_floor_spawned":[3,10,14,16,24,28,29,30,35,36,40,45,48,55],"ascension_level":20}