{"gold_per_floor":[110,125,125,145,105,105,125,158,158,158,187,187,25,45,45,117,117,134,146,71,81,100,100,127,143,194,228,241,275,287,334,346,435,447,478,490,515,544,556,568,615,638,650,662,674,741,56,66,66,66,66,66,66,12,37,37],"floor_reached":57,"playtime":6857,"items_purged":["Caltrops"],"score":3240,"play_id":"399a24cf-7f77-4089-9a31-8700194bbd85","local_time":"20220322141302","is_ascension_mode":true,"campfire_choices":[{"data":"Skewer","floor":6,"key":"SMITH"},{"data":"Leg Sweep","floor":12,"key":"SMITH"},{"data":"Blade Dance","floor":15,"key":"SMITH"},{"floor":23,"key":"REST"},{"floor":30,"key":"REST"},{"floor":32,"key":"REST"},{"floor":40,"key":"RECALL"},{"data":"1","floor":49,"key":"LIFT"},{"data":"2","floor":53,"key":"LIFT"}],"neow_cost":"NONE","seed_source_timestamp":2222718716452899,"circlet_count":0,"master_deck":["AscendersBane","Survivor","Neutralize","Backflip","Skewer+1","All Out Attack","Backstab","Leg Sweep+1","Heel Hook","Trip","Blade Dance+1","PiercingWail","Burst","Sucker Punch+1","Dodge and Roll+1","Backflip","Leg Sweep","Blade Dance+1","Doppelganger","Doppelganger","Corpse Explosion","Cloak And Dagger","Calculated Gamble","Heel Hook","Blade Dance","Caltrops","Tools of the Trade","PiercingWail+1","Well Laid Plans","Doppelganger","Master of Strategy","Flash of Steel","Dark Shackles","Footwork","Backflip","PiercingWail","Caltrops+1"],"relics":["SlaversCollar","Odd Mushroom","Shuriken","Gremlin Horn","Potion Belt","Fusion Hammer","Pen Nib","Oddly Smooth Stone","MawBank","Juzu Bracelet","Pandora\u0027s Box","Nunchaku","Bottled Flame","Girya","Toy Ornithopter","Ninja Scroll","Bottled Lightning"],"potions_floor_usage":[8,11,19,29,31,33,35,38,46,55,56,56,56],"damage_taken":[{"damage":4,"enemies":"Jaw Worm","floor":1,"turns":6},{"damage":1,"enemies":"2 Louse","floor":2,"turns":4},{"damage":0,"enemies":"Small Slimes","floor":4,"turns":4},{"damage":1,"enemies":"Looter","floor":5,"turns":4},{"damage":21,"enemies":"The Mushroom Lair","floor":7,"turns":4},{"damage":0,"enemies":"Gremlin Nob","floor":8,"turns":2},{"damage":13,"enemies":"3 Sentries","floor":11,"turns":5},{"damage":2,"enemies":"2 Fungi Beasts","floor":14,"turns":2},{"damage":0,"enemies":"Hexaghost","floor":16,"turns":7},{"damage":0,"enemies":"3 Byrds","floor":18,"turns":5},{"damage":0,"enemies":"2 Thieves","floor":19,"turns":3},{"damage":0,"enemies":"Snake Plant","floor":21,"turns":4},{"damage":26,"enemies":"Shelled Parasite and Fungi","floor":22,"turns":5},{"damage":31,"enemies":"Book of Stabbing","floor":24,"turns":4},{"damage":2,"enemies":"Snecko","floor":25,"turns":5},{"damage":0,"enemies":"Gremlin Leader","floor":27,"turns":2},{"damage":1,"enemies":"Centurion and Healer","floor":28,"turns":4},{"damage":0,"enemies":"Slavers","floor":29,"turns":2},{"damage":1,"enemies":"Book of Stabbing","floor":31,"turns":4},{"damage":15,"enemies":"Collector","floor":33,"turns":6},{"damage":0,"enemies":"3 Shapes","floor":35,"turns":6},{"damage":0,"enemies":"Orb Walker","floor":37,"turns":3},{"damage":24,"enemies":"Spire Growth","floor":38,"turns":4},{"damage":0,"enemies":"Nemesis","floor":41,"turns":3},{"damage":10,"enemies":"3 Darklings","floor":42,"turns":4},{"damage":11,"enemies":"2 Orb Walkers","floor":46,"turns":3},{"damage":4,"enemies":"Writhing Mass","floor":48,"turns":6},{"damage":25,"enemies":"Awakened One","floor":50,"turns":8},{"damage":0,"enemies":"Donu and Deca","floor":51,"turns":6},{"damage":0,"enemies":"Shield and Spear","floor":55,"turns":4},{"damage":67,"enemies":"The Heart","floor":56,"turns":8}],"seed_played":"977041222306412626","potions_obtained":[{"floor":2,"key":"SpeedPotion"},{"floor":7,"key":"FearPotion"},{"floor":8,"key":"EssenceOfSteel"},{"floor":14,"key":"FairyPotion"},{"floor":24,"key":"Swift Potion"},{"floor":25,"key":"SteroidPotion"},{"floor":28,"key":"ColorlessPotion"},{"floor":29,"key":"Poison Potion"},{"floor":33,"key":"ColorlessPotion"},{"floor":37,"key":"ColorlessPotion"},{"floor":38,"key":"FearPotion"},{"floor":42,"key":"Explosive Potion"},{"floor":48,"key":"AttackPotion"},{"floor":55,"key":"Dexterity Potion"}],"is_trial":false,"path_per_floor":["M","M","?","M","M","R","?","E","T","?","E","R","$","M","R","B",null,"M","M","?","M","M","R","E","M","T","E","M","E","R","E","R","B",null,"M","?","M","M","?","R","E","M","T","?","?","?","$","M","R","B","B",null,"R","$","E","B",null],"character_chosen":"THE_SILENT","items_purchased":["Trip","Blade Dance","Toy Ornithopter","Footwork","Backflip","Swift Potion","Ninja Scroll","PiercingWail"],"campfire_rested":3,"item_purchase_floors":[13,13,47,47,47,47,47,54],"current_hp_per_floor":[55,54,47,47,46,46,25,25,25,25,12,12,12,10,10,10,52,52,52,52,52,26,45,14,12,12,12,11,11,30,29,48,33,58,58,58,58,34,73,73,73,63,63,63,53,42,42,38,38,13,13,58,58,58,63,11],"gold":37,"neow_bonus":"BOSS_RELIC","is_prod":false,"is_daily":false,"chose_seed":false,"campfire_upgraded":3,"win_rate":0,"timestamp":1647972782,"path_taken":["M","M","?","M","M","R","?","E","T","?","E","R","$","M","R","BOSS","M","M","?","M","M","R","E","M","T","E","M","E","R","E","R","BOSS","M","?","M","M","?","R","E","M","T","?","?","?","$","M","R","BOSS","BOSS","R","$","E","BOSS"],"build_version":"2022-03-07","purchased_purges":1,"victory":true,"max_hp_per_floor":[66,66,66,66,66,66,66,66,66,66,66,66,66,66,66,66,66,66,66,66,66,66,66,66,66,66,66,66,66,66,66,66,66,66,66,63,63,63,73,73,73,73,73,73,73,73,73,73,73,73,73,73,73,73,73,73],"relic_stats":{"Girya":2,"Gremlin Horn":[22,22],"counters":[31,137],"Pen Nib":[29],"Juzu Bracelet":1,"MawBank":216,"Nunchaku":[16],"Bottled Flame":"Skewer","Shuriken":[89],"Pandora\u0027s Box":["Cloak And Dagger","Calculated Gamble","Heel Hook","Blade Dance","Caltrops","Caltrops","Glass Knife","Tools of the Trade"],"Bottled Lightning":"Doppelganger","obtain_stats":[{"Potion Belt":11,"Girya":46,"Gremlin Horn":9,"Oddly Smooth Stone":27,"Pen Nib":24,"Juzu Bracelet":31,"Odd Mushroom":7,"MawBank":29,"SlaversCollar":0,"Nunchaku":41,"Bottled Flame":43,"Shuriken":8,"Ninja Scroll":47,"Pandora\u0027s Box":34,"Fusion Hammer":17,"Bottled Lightning":55,"Toy Ornithopter":47,"Ring of the Snake":0},{"Potion Belt":7,"Girya":26,"Gremlin Horn":6,"Oddly Smooth Stone":16,"Pen Nib":14,"Juzu Bracelet":19,"Odd Mushroom":5,"MawBank":18,"SlaversCollar":0,"Nunchaku":24,"Bottled Flame":25,"Shuriken":6,"Ninja Scroll":26,"Pandora\u0027s Box":20,"Fusion Hammer":9,"Bottled Lightning":30,"Toy Ornithopter":26,"Ring of the Snake":0},{"Potion Belt":29,"Girya":105,"Gremlin Horn":24,"Oddly Smooth Stone":66,"Pen Nib":59,"Juzu Bracelet":76,"Odd Mushroom":22,"MawBank":72,"SlaversCollar":0,"Nunchaku":98,"Bottled Flame":102,"Shuriken":24,"Ninja Scroll":105,"Pandora\u0027s Box":82,"Fusion Hammer":38,"Bottled Lightning":129,"Toy Ornithopter":105,"Ring of the Snake":0}],"Toy Ornithopter":20},"card_choices":[{"not_picked":["Acrobatics","Reflex"],"picked":"Backflip","floor":1},{"not_picked":["Slice","Noxious Fumes"],"picked":"Skewer","floor":2},{"not_picked":["Endless Agony","Blur"],"picked":"All Out Attack","floor":4},{"not_picked":["Prepared","Heel Hook"],"picked":"Backstab","floor":5},{"not_picked":["Grand Finale","Dagger Throw"],"picked":"Leg Sweep","floor":8},{"not_picked":["Slice","Crippling Poison"],"picked":"Heel Hook","floor":11},{"not_picked":["Distraction","Backstab"],"picked":"PiercingWail","floor":14},{"not_picked":["Die Die Die","Unload"],"picked":"Burst","floor":16},{"not_picked":["Deadly Poison","Dagger Throw"],"picked":"Sucker Punch+1","floor":18},{"not_picked":["Bane","Sucker Punch+1"],"picked":"Dodge and Roll+1","floor":19},{"not_picked":["Slice","Infinite Blades"],"picked":"Backflip","floor":21},{"not_picked":["All Out Attack","Sucker Punch+1","Catalyst"],"picked":"SKIP","floor":22},{"not_picked":["Infinite Blades","Dagger Throw"],"picked":"Leg Sweep","floor":24},{"not_picked":["Predator","Slice"],"picked":"Blade Dance+1","floor":25},{"not_picked":["Infinite Blades","Eviscerate+1","Dagger Throw"],"picked":"SKIP","floor":27},{"not_picked":["Dagger Spray","Underhanded Strike","Blur"],"picked":"SKIP","floor":28},{"not_picked":["Footwork","Backstab"],"picked":"Doppelganger","floor":29},{"not_picked":["Blade Dance+1","Poisoned Stab"],"picked":"Doppelganger","floor":31},{"not_picked":["Bullet Time","Unload"],"picked":"Corpse Explosion","floor":33},{"not_picked":["Flying Knee","Prepared","Predator"],"picked":"SKIP","floor":35},{"not_picked":["Sucker Punch","Deadly Poison"],"picked":"PiercingWail+1","floor":37},{"not_picked":["Bane","PiercingWail"],"picked":"Well Laid Plans","floor":38},{"not_picked":["Quick Slash","Flying Knee"],"picked":"Doppelganger","floor":41},{"not_picked":["Dodge and Roll","Flying Knee+1","Blur"],"picked":"SKIP","floor":42},{"not_picked":["HandOfGreed","Deep Breath"],"picked":"Master of Strategy","floor":45},{"not_picked":["Metamorphosis","Trip"],"picked":"Flash of Steel","floor":45},{"not_picked":["HandOfGreed","Good Instincts"],"picked":"Dark Shackles","floor":45},{"not_picked":["Dagger Throw","Masterful Stab","Blade Dance"],"picked":"SKIP","floor":48},{"not_picked":["Dagger Throw","Masterful Stab","Blade Dance"],"picked":"SKIP","floor":48},{"not_picked":["Distraction+1","Blade Dance"],"picked":"Caltrops+1","floor":55}],"player_experience":6513489,"relics_obtained":[{"floor":7,"key":"Odd Mushroom"},{"floor":8,"key":"Shuriken"},{"floor":9,"key":"Gremlin Horn"},{"floor":11,"key":"Potion Belt"},{"floor":24,"key":"Pen Nib"},{"floor":27,"key":"Oddly Smooth Stone"},{"floor":29,"key":"MawBank"},{"floor":31,"key":"Juzu Bracelet"},{"floor":41,"key":"Nunchaku"},{"floor":43,"key":"Bottled Flame"},{"floor":46,"key":"Girya"},{"floor":55,"key":"Bottled Lightning"}],"event_choices":[{"cards_removed":["Defend_G"],"damage_healed":0,"gold_gain":0,"player_choice":"Card Removal","damage_taken":7,"max_hp_gain":0,"max_hp_loss":0,"event_name":"Golden Wing","floor":3,"gold_loss":0},{"damage_healed":0,"gold_gain":0,"player_choice":"Fought Mushrooms","damage_taken":0,"max_hp_gain":0,"max_hp_loss":0,"event_name":"Mushrooms","floor":7,"gold_loss":0},{"damage_healed":0,"gold_gain":0,"player_choice":"Ignored","damage_taken":0,"max_hp_gain":0,"max_hp_loss":0,"event_name":"Liars Game","floor":10,"gold_loss":0},{"cards_removed":["Strike_G"],"damage_healed":0,"gold_gain":0,"player_choice":"Gave Gold","damage_taken":0,"max_hp_gain":0,"max_hp_loss":0,"event_name":"Beggar","floor":20,"gold_loss":75},{"damage_healed":0,"gold_gain":0,"player_choice":"Max HP","damage_taken":0,"max_hp_gain":0,"max_hp_loss":3,"event_name":"Winding Halls","floor":36,"gold_loss":0},{"cards_removed":["Glass Knife"],"damage_healed":29,"gold_gain":0,"player_choice":"Offered Rare","damage_taken":0,"max_hp_gain":10,"max_hp_loss":0,"event_name":"Bonfire Elementals","floor":39,"gold_loss":0},{"damage_healed":0,"gold_gain":0,"player_choice":"Ignored","damage_taken":0,"max_hp_gain":0,"max_hp_loss":0,"event_name":"Tomb of Lord Red Mask","floor":44,"gold_loss":0},{"damage_healed":0,"gold_gain":0,"player_choice":"Memory 3","damage_taken":10,"max_hp_gain":0,"max_hp_loss":0,"event_name":"SensoryStone","floor":45,"gold_loss":0},{"damage_healed":0,"gold_gain":0,"player_choice":"Fight","damage_taken":0,"max_hp_gain":0,"max_hp_loss":0,"event_name":"Mysterious Sphere","floor":46,"gold_loss":0}],"is_beta":false,"boss_relics":[{"not_picked":["Ectoplasm","Tiny House"],"picked":"Fusion Hammer"},{"not_picked":["Astrolabe","SacredBark"],"picked":"Pandora\u0027s Box"}],"items_purged_floors":[47],"is_endless":false,"potions_floor_spawned":[2,7,8,14,24,25,28,29,33,37,38,42,48,55],"ascension_level":20}