{"gold_per_floor":[111,111,136,159,172,172,203,223,249,249,269,269],"floor_reached":12,"playtime":454,"items_purged":[],"score":160,"play_id":"5c71d11d-1717-4310-8eb1-a14eb00fb474","local_time":"20220326133918","is_ascension_mode":true,"campfire_choices":[{"data":"Bane","floor":6,"key":"SMITH"},{"data":"Expertise","floor":10,"key":"SMITH"}],"neow_cost":"NONE","seed_source_timestamp":2572727410314600,"circlet_count":0,"master_deck":["AscendersBane","Strike_G","Strike_G","Strike_G","Strike_G","Strike_G","Defend_G","Defend_G","Defend_G","Defend_G","Defend_G","Survivor","Neutralize","Crippling Poison","Calculated Gamble","Bane+1","Grand Finale","Expertise+1","Backflip"],"relics":["Ring of the Snake","NeowsBlessing","Golden Idol","Lantern","TungstenRod","Omamori"],"potions_floor_usage":[7,7,12],"damage_taken":[{"damage":0,"enemies":"Small Slimes","floor":1,"turns":1},{"damage":0,"enemies":"Jaw Worm","floor":4,"turns":1},{"damage":0,"enemies":"Cultist","floor":5,"turns":1},{"damage":36,"enemies":"Lagavulin","floor":7,"turns":10},{"damage":0,"enemies":"Blue Slaver","floor":8,"turns":3},{"damage":5,"enemies":"Looter","floor":11,"turns":5},{"damage":28,"enemies":"Gremlin Nob","floor":12,"turns":3}],"seed_played":"-481465395935309769","potions_obtained":[{"floor":1,"key":"PowerPotion"},{"floor":5,"key":"SneckoOil"},{"floor":7,"key":"DuplicationPotion"}],"is_trial":false,"path_per_floor":["M","?","T","M","M","R","E","M","T","R","M","E"],"character_chosen":"THE_SILENT","items_purchased":[],"campfire_rested":0,"item_purchase_floors":[],"current_hp_per_floor":[59,59,59,59,59,59,23,23,23,23,18,0],"gold":269,"neow_bonus":"THREE_ENEMY_KILL","is_prod":false,"is_daily":false,"chose_seed":false,"campfire_upgraded":2,"win_rate":0,"timestamp":1648316358,"path_taken":["M","?","?","M","?","R","E","M","T","R","M","E"],"build_version":"2022-03-07","purchased_purges":0,"victory":false,"max_hp_per_floor":[66,60,60,60,60,60,60,60,60,60,60,60],"relic_stats":{"counters":[7,24],"Golden Idol":22,"Omamori":0,"obtain_stats":[{"Lantern":3,"NeowsBlessing":0,"Golden Idol":2,"Omamori":9,"TungstenRod":7,"Ring of the Snake":0},{"Lantern":1,"NeowsBlessing":0,"Golden Idol":1,"Omamori":5,"TungstenRod":4,"Ring of the Snake":0},{"Lantern":1,"NeowsBlessing":0,"Golden Idol":1,"Omamori":16,"TungstenRod":13,"Ring of the Snake":0}],"TungstenRod":5,"Ring of the Snake":[14]},"card_choices":[{"not_picked":["Setup","Distraction"],"picked":"Crippling Poison","floor":1},{"not_picked":["Reflex","Quick Slash"],"picked":"Calculated Gamble","floor":4},{"not_picked":["Underhanded Strike","Setup"],"picked":"Bane","floor":5},{"not_picked":["Blur","Underhanded Strike"],"picked":"Grand Finale","floor":7},{"not_picked":["Bouncing Flask","Dagger Spray"],"picked":"Expertise","floor":8},{"not_picked":["Finisher","Distraction"],"picked":"Backflip","floor":11}],"player_experience":6578791,"relics_obtained":[{"floor":3,"key":"Lantern"},{"floor":7,"key":"TungstenRod"},{"floor":9,"key":"Omamori"}],"event_choices":[{"damage_healed":0,"gold_gain":0,"player_choice":"Lose Max HP","damage_taken":0,"relics_obtained":["Golden Idol"],"max_hp_gain":0,"max_hp_loss":6,"event_name":"Golden Idol","floor":2,"gold_loss":0}],"is_beta":false,"boss_relics":[],"items_purged_floors":[],"is_endless":false,"potions_floor_spawned":[1,5,7],"killed_by":"Gremlin Nob","ascension_level":20}