{"gold_per_floor":[109,109,128,144,159,194,194,194,194,194,36,48,64,91,91,165,165,182,24,24,49,68,68,99,99,99,137,160,200,214,264,264,351,351,364,37,64,91,115,150,150,176,176,193,193,193,228,248,248,248,248,248,248,88,122,122],"floor_reached":57,"playtime":5499,"items_purged":["Strike_G","Strike_G"],"score":3470,"play_id":"2dc51794-9778-46c0-a9ea-1fd6764d852e","local_time":"20220324154602","is_ascension_mode":true,"campfire_choices":[{"data":"Flechettes","floor":8,"key":"SMITH"},{"data":"Noxious Fumes","floor":10,"key":"SMITH"},{"data":"Reflex","floor":15,"key":"SMITH"},{"data":"Acrobatics","floor":23,"key":"SMITH"},{"data":"Wraith Form v2","floor":25,"key":"SMITH"},{"data":"Tactician","floor":32,"key":"SMITH"},{"data":"Calculated Gamble","floor":41,"key":"SMITH"},{"floor":45,"key":"RECALL"},{"data":"Prepared","floor":49,"key":"SMITH"},{"data":"Secret Technique","floor":53,"key":"SMITH"}],"neow_cost":"NONE","seed_source_timestamp":2402458474048200,"circlet_count":0,"master_deck":["AscendersBane","Strike_G","Defend_G","Defend_G","Defend_G+1","Defend_G","Defend_G","Survivor","Neutralize+1","Prepared+1","Noxious Fumes+1","Flechettes+1","Underhanded Strike","Reflex+1","Flechettes","Storm of Steel","Prepared","Acrobatics+1","Wraith Form v2+1","Tactician+1","Venomology","Reflex","Blade Dance","Malaise","Reflex","Master of Strategy","Panache","Secret Technique+1","Concentrate","Calculated Gamble+1"],"relics":["Runic Pyramid","Gambling Chip","Ice Cream","Matryoshka","Empty Cage","Oddly Smooth Stone","Nunchaku","TungstenRod","Omamori","Shuriken","CeramicFish","Bag of Marbles","HoveringKite","Tough Bandages","Bag of Preparation","Dream Catcher","Orichalcum","Bottled Tornado","Medical Kit","Bottled Flame"],"potions_floor_usage":[24,29,29,33,33,35,37,37,40,40,44,48,50,51,56,56],"damage_taken":[{"damage":2,"enemies":"Jaw Worm","floor":1,"turns":6},{"damage":0,"enemies":"2 Louse","floor":3,"turns":5},{"damage":0,"enemies":"Small Slimes","floor":4,"turns":4},{"damage":0,"enemies":"Blue Slaver","floor":5,"turns":4},{"damage":0,"enemies":"Lagavulin","floor":6,"turns":7},{"damage":0,"enemies":"Looter","floor":12,"turns":3},{"damage":0,"enemies":"Lots of Slimes","floor":13,"turns":4},{"damage":4,"enemies":"3 Sentries","floor":14,"turns":5},{"damage":0,"enemies":"Slime Boss","floor":16,"turns":7},{"damage":0,"enemies":"Chosen","floor":18,"turns":2},{"damage":0,"enemies":"Spheric Guardian","floor":22,"turns":2},{"damage":24,"enemies":"Slavers","floor":24,"turns":6},{"damage":3,"enemies":"Gremlin Leader","floor":27,"turns":5},{"damage":0,"enemies":"Snake Plant","floor":28,"turns":3},{"damage":0,"enemies":"Slavers","floor":29,"turns":3},{"damage":0,"enemies":"3 Cultists","floor":30,"turns":3},{"damage":0,"enemies":"Collector","floor":33,"turns":6},{"damage":0,"enemies":"3 Shapes","floor":35,"turns":3},{"damage":0,"enemies":"3 Darklings","floor":37,"turns":4},{"damage":0,"enemies":"Sphere and 2 Shapes","floor":39,"turns":2},{"damage":0,"enemies":"Reptomancer","floor":40,"turns":3},{"damage":0,"enemies":"Giant Head","floor":42,"turns":2},{"damage":0,"enemies":"Maw","floor":44,"turns":3},{"damage":0,"enemies":"Reptomancer","floor":47,"turns":3},{"damage":0,"enemies":"Writhing Mass","floor":48,"turns":5},{"damage":0,"enemies":"Donu and Deca","floor":50,"turns":4},{"damage":0,"enemies":"Time Eater","floor":51,"turns":8},{"damage":0,"enemies":"Shield and Spear","floor":55,"turns":6},{"damage":14,"enemies":"The Heart","floor":56,"turns":7}],"seed_played":"-4401205030504446403","potions_obtained":[{"floor":5,"key":"AttackPotion"},{"floor":6,"key":"DistilledChaos"},{"floor":18,"key":"GamblersBrew"},{"floor":27,"key":"DistilledChaos"},{"floor":33,"key":"EssenceOfSteel"},{"floor":47,"key":"Weak Potion"}],"is_trial":false,"path_per_floor":["M","?","M","M","M","E","?","R","T","R","$","M","M","E","R","B",null,"M","$","?","T","M","R","E","R","T","E","M","E","M","?","R","B",null,"M","$","M","?","M","E","R","E","T","M","R","?","E","M","R","B","B",null,"R","$","E","B",null],"character_chosen":"THE_SILENT","items_purchased":["Reflex","Acrobatics","Tough Bandages","Medical Kit"],"campfire_rested":0,"item_purchase_floors":[11,19,36,54],"current_hp_per_floor":[57,37,37,37,37,37,37,37,37,37,37,37,37,33,33,33,58,58,58,58,58,58,58,34,34,34,31,31,31,31,31,31,31,57,57,57,57,48,48,48,48,48,48,48,48,48,48,48,48,48,48,62,62,62,62,48],"gold":122,"neow_bonus":"BOSS_RELIC","is_prod":false,"is_daily":false,"chose_seed":false,"campfire_upgraded":9,"win_rate":0,"timestamp":1648151162,"path_taken":["M","?","M","M","M","E","?","R","T","R","$","M","M","E","R","BOSS","M","$","?","?","M","R","E","R","T","E","?","E","M","?","R","BOSS","M","$","M","?","M","E","R","E","T","M","R","?","E","?","R","BOSS","BOSS","R","$","E","BOSS"],"build_version":"2022-03-07","purchased_purges":2,"victory":true,"max_hp_per_floor":[66,66,66,66,66,66,66,66,66,66,66,66,66,66,66,66,66,66,66,66,66,66,66,66,66,66,66,66,66,66,66,66,66,66,66,66,66,66,66,66,66,66,66,66,66,66,66,66,66,66,66,66,66,66,66,66],"relic_stats":{"Ice Cream":[185],"counters":[29,125],"CeramicFish":90,"HoveringKite":[43],"Omamori":1,"Bag of Preparation":[16],"Orichalcum":[18],"Bottled Tornado":"Wraith Form v2","Medical Kit":[4],"Nunchaku":[30],"Tough Bandages":[1092],"Dream Catcher":0,"Bottled Flame":"Strike_G","Matryoshka":2,"Shuriken":[75],"Gambling Chip":[74],"obtain_stats":[{"Ice Cream":9,"CeramicFish":27,"Oddly Smooth Stone":21,"HoveringKite":34,"Omamori":26,"Bag of Preparation":40,"Orichalcum":46,"Bottled Tornado":47,"Empty Cage":17,"Medical Kit":54,"Nunchaku":21,"Tough Bandages":36,"Dream Catcher":42,"Bottled Flame":55,"Matryoshka":14,"Shuriken":26,"Gambling Chip":6,"Bag of Marbles":29,"TungstenRod":24,"Ring of the Snake":0,"Runic Pyramid":0},{"Ice Cream":5,"CeramicFish":13,"Oddly Smooth Stone":10,"HoveringKite":17,"Omamori":12,"Bag of Preparation":21,"Orichalcum":23,"Bottled Tornado":24,"Empty Cage":9,"Medical Kit":27,"Nunchaku":10,"Tough Bandages":18,"Dream Catcher":22,"Bottled Flame":28,"Matryoshka":8,"Shuriken":12,"Gambling Chip":5,"Bag of Marbles":15,"TungstenRod":12,"Ring of the Snake":0,"Runic Pyramid":0},{"Ice Cream":26,"CeramicFish":60,"Oddly Smooth Stone":47,"HoveringKite":75,"Omamori":55,"Bag of Preparation":87,"Orichalcum":92,"Bottled Tornado":95,"Empty Cage":45,"Medical Kit":112,"Nunchaku":47,"Tough Bandages":78,"Dream Catcher":89,"Bottled Flame":118,"Matryoshka":38,"Shuriken":55,"Gambling Chip":26,"Bag of Marbles":66,"TungstenRod":55,"Ring of the Snake":0,"Runic Pyramid":0}],"TungstenRod":26},"card_choices":[{"not_picked":["Quick Slash","Masterful Stab"],"picked":"Prepared","floor":1},{"not_picked":["Concentrate","All Out Attack"],"picked":"Noxious Fumes","floor":3},{"not_picked":["Dodge and Roll","Backflip"],"picked":"Flechettes","floor":4},{"not_picked":["Distraction","Deflect"],"picked":"Underhanded Strike","floor":5},{"not_picked":["Riddle With Holes","Bouncing Flask","Flying Knee"],"picked":"SKIP","floor":6},{"not_picked":["Dagger Spray","All Out Attack","Blade Dance"],"picked":"SKIP","floor":12},{"not_picked":["Deadly Poison","Backstab"],"picked":"Flechettes","floor":13},{"not_picked":["Caltrops","Underhanded Strike","Flying Knee"],"picked":"SKIP","floor":14},{"not_picked":["Die Die Die","Glass Knife"],"picked":"Storm of Steel","floor":16},{"not_picked":["Blade Dance","Quick Slash"],"picked":"Prepared","floor":18},{"not_picked":["Flechettes","Poisoned Stab+1"],"picked":"Wraith Form v2","floor":22},{"not_picked":["Bane","PiercingWail"],"picked":"Tactician","floor":24},{"not_picked":["Noxious Fumes","Distraction"],"picked":"Venomology","floor":27},{"not_picked":["PiercingWail","Calculated Gamble"],"picked":"Reflex","floor":28},{"not_picked":["Deflect","Backflip"],"picked":"Blade Dance","floor":29},{"not_picked":["Outmaneuver","Catalyst","Bane"],"picked":"SKIP","floor":30},{"not_picked":["Burst","Wraith Form v2"],"picked":"Malaise","floor":33},{"not_picked":["Blade Dance","Flying Knee+1","Masterful Stab"],"picked":"SKIP","floor":35},{"not_picked":["Escape Plan","Finisher+1"],"picked":"Reflex","floor":37},{"not_picked":["Enlightenment","Deep Breath"],"picked":"Master of Strategy","floor":38},{"not_picked":["Finesse","Metamorphosis"],"picked":"Panache","floor":38},{"not_picked":["Deep Breath","Good Instincts"],"picked":"Secret Technique","floor":38},{"not_picked":["PiercingWail","Poisoned Stab+1"],"picked":"Concentrate","floor":39},{"not_picked":["Blade Dance+1","Unload"],"picked":"Calculated Gamble","floor":40},{"not_picked":["Outmaneuver","Flying Knee","PiercingWail"],"picked":"SKIP","floor":42},{"not_picked":["Sucker Punch","Underhanded Strike","Dagger Throw+1"],"picked":"SKIP","floor":44},{"not_picked":["Corpse Explosion","Deflect","Sucker Punch"],"picked":"SKIP","floor":47},{"not_picked":["All Out Attack","Dagger Spray","Expertise"],"picked":"SKIP","floor":55}],"player_experience":6537341,"relics_obtained":[{"floor":6,"key":"Gambling Chip"},{"floor":9,"key":"Ice Cream"},{"floor":14,"key":"Matryoshka"},{"floor":21,"key":"Oddly Smooth Stone"},{"floor":21,"key":"Nunchaku"},{"floor":24,"key":"TungstenRod"},{"floor":26,"key":"Omamori"},{"floor":26,"key":"Shuriken"},{"floor":27,"key":"CeramicFish"},{"floor":29,"key":"Bag of Marbles"},{"floor":40,"key":"Bag of Preparation"},{"floor":42,"key":"Dream Catcher"},{"floor":47,"key":"Bottled Tornado"},{"floor":55,"key":"Bottled Flame"}],"event_choices":[{"damage_healed":0,"gold_gain":0,"player_choice":"Entered Light","damage_taken":20,"max_hp_gain":0,"max_hp_loss":0,"event_name":"Shining Light","floor":2,"gold_loss":0,"cards_upgraded":["Defend_G","Neutralize"]},{"damage_healed":0,"gold_gain":0,"player_choice":"Ignored","damage_taken":0,"max_hp_gain":0,"max_hp_loss":0,"event_name":"Liars Game","floor":7,"gold_loss":0},{"damage_healed":0,"gold_gain":0,"player_choice":"Ignored","damage_taken":0,"max_hp_gain":0,"max_hp_loss":0,"event_name":"Vampires","floor":20,"gold_loss":0},{"damage_healed":0,"gold_gain":50,"player_choice":"Stole From Cult","damage_taken":0,"max_hp_gain":0,"max_hp_loss":0,"event_name":"Nest","floor":31,"gold_loss":0},{"damage_healed":0,"gold_gain":0,"player_choice":"Memory 3","damage_taken":10,"max_hp_gain":0,"max_hp_loss":0,"event_name":"SensoryStone","floor":38,"gold_loss":0},{"damage_healed":0,"gold_gain":0,"player_choice":"Gave Potion","damage_taken":0,"relics_obtained":["Orichalcum"],"max_hp_gain":0,"max_hp_loss":0,"event_name":"WeMeetAgain","floor":46,"gold_loss":0}],"is_beta":false,"boss_relics":[{"not_picked":["Calling Bell","Ectoplasm"],"picked":"Empty Cage"},{"not_picked":["Philosopher\u0027s Stone","Fusion Hammer"],"picked":"HoveringKite"}],"items_purged_floors":[11,19],"is_endless":false,"potions_floor_spawned":[5,6,12,14,16,18,27,28,33,39,44,47],"ascension_level":20}