{"gold_per_floor":[112,130,42,52,69,69,101,114,168,168,200,200,262,296,296,371,371,384,397,447,242,212,237,237,252,252,252,152,177,195,230,230,304,304,323,334,334,334,200,235,235,235,235,267,285,319,337,351,351,351,351,351,351,8,39,39],"floor_reached":56,"playtime":4339,"items_purged":["Neutralize","Deflect","Injury","Backstab"],"score":2176,"play_id":"2b851f7e-3614-4166-b105-c2b76403bf73","local_time":"20220326161647","is_ascension_mode":true,"campfire_choices":[{"data":"Eviscerate","floor":6,"key":"SMITH"},{"data":"Well Laid Plans","floor":10,"key":"SMITH"},{"floor":15,"key":"DIG"},{"floor":24,"key":"DIG"},{"floor":27,"key":"DIG"},{"floor":32,"key":"DIG"},{"floor":41,"key":"DIG"},{"floor":49,"key":"RECALL"},{"floor":53,"key":"DIG"}],"neow_cost":"NONE","seed_source_timestamp":2578289386772400,"circlet_count":0,"master_deck":["AscendersBane","Survivor+1","Footwork","Choke","Bouncing Flask","Eviscerate+1","Well Laid Plans+1","Venomology","Terror","Venomology","Leg Sweep","Bane","Storm of Steel","Quick Slash","Reflex","Eviscerate","Envenom","PiercingWail","Crippling Poison+1","Acrobatics","Riddle With Holes","Acrobatics","Dash","Corpse Explosion+1","Leg Sweep+1","Master of Strategy","Riddle With Holes","Clumsy","Cloak And Dagger+1","Outmaneuver+1","Sadistic Nature","Reflex","PiercingWail"],"relics":["Snecko Eye","Vajra","MealTicket","Sundial","Snake Skull","Shovel","Juzu Bracelet","Pandora\u0027s Box","War Paint","Eternal Feather","Bottled Tornado","Bottled Flame","Bronze Scales","Orichalcum","Smiling Mask","Cursed Key","Dead Branch","Art of War","PreservedInsect","Lantern","Letter Opener","Blood Vial"],"potions_floor_usage":[7,8,14,14,16,18,23,23,25,25,29,29,31,31,33,35,36,40,40,40,45,46,46,48,50,50,51,51,56],"damage_taken":[{"damage":1,"enemies":"2 Louse","floor":1,"turns":3},{"damage":0,"enemies":"Small Slimes","floor":2,"turns":7},{"damage":0,"enemies":"Cultist","floor":4,"turns":2},{"damage":1,"enemies":"Large Slime","floor":5,"turns":3},{"damage":2,"enemies":"3 Sentries","floor":7,"turns":5},{"damage":5,"enemies":"Gremlin Gang","floor":8,"turns":4},{"damage":19,"enemies":"Gremlin Nob","floor":11,"turns":4},{"damage":19,"enemies":"Gremlin Nob","floor":13,"turns":4},{"damage":5,"enemies":"3 Sentries","floor":14,"turns":5},{"damage":0,"enemies":"Slime Boss","floor":16,"turns":3},{"damage":0,"enemies":"Spheric Guardian","floor":18,"turns":3},{"damage":0,"enemies":"Chosen","floor":19,"turns":2},{"damage":16,"enemies":"Gremlin Leader","floor":23,"turns":4},{"damage":0,"enemies":"3 Cultists","floor":25,"turns":3},{"damage":3,"enemies":"Book of Stabbing","floor":29,"turns":2},{"damage":0,"enemies":"Chosen and Byrds","floor":30,"turns":3},{"damage":18,"enemies":"Gremlin Leader","floor":31,"turns":4},{"damage":9,"enemies":"Collector","floor":33,"turns":5},{"damage":5,"enemies":"Orb Walker","floor":35,"turns":2},{"damage":0,"enemies":"3 Shapes","floor":36,"turns":2},{"damage":4,"enemies":"Giant Head","floor":40,"turns":5},{"damage":12,"enemies":"Nemesis","floor":44,"turns":3},{"damage":0,"enemies":"3 Darklings","floor":45,"turns":1},{"damage":1,"enemies":"Giant Head","floor":46,"turns":3},{"damage":0,"enemies":"Jaw Worm Horde","floor":47,"turns":3},{"damage":9,"enemies":"Writhing Mass","floor":48,"turns":4},{"damage":29,"enemies":"Donu and Deca","floor":50,"turns":3},{"damage":20,"enemies":"Awakened One","floor":51,"turns":9},{"damage":16,"enemies":"Shield and Spear","floor":55,"turns":2},{"damage":52,"enemies":"The Heart","floor":56,"turns":2}],"seed_played":"-5675450274466521795","potions_obtained":[{"floor":1,"key":"FearPotion"},{"floor":4,"key":"AttackPotion"},{"floor":5,"key":"Fire Potion"},{"floor":11,"key":"LiquidBronze"},{"floor":13,"key":"ColorlessPotion"},{"floor":18,"key":"LiquidMemories"},{"floor":22,"key":"ColorlessPotion"},{"floor":30,"key":"LiquidMemories"},{"floor":35,"key":"DuplicationPotion"},{"floor":44,"key":"LiquidMemories"},{"floor":45,"key":"CultistPotion"},{"floor":46,"key":"LiquidMemories"}],"is_trial":false,"path_per_floor":["M","M","$","M","M","R","E","M","T","R","E","?","?","E","R","B",null,"M","M","?","$","?","E","R","M","T","R","$","E","M","E","R","B",null,"M","M","?","?","$","E","R","?","T","E","M","E","M","M","R","B","B",null,"R","$","E","B"],"character_chosen":"THE_SILENT","items_purchased":["Bouncing Flask","Crippling Poison","Acrobatics","Riddle With Holes","Sadistic Nature","Reflex"],"campfire_rested":0,"item_purchase_floors":[3,21,21,39,54,54],"current_hp_per_floor":[58,58,58,58,57,57,55,50,50,50,31,53,34,29,29,29,57,57,57,57,66,66,50,50,50,50,62,66,63,63,45,57,48,62,57,57,47,47,62,58,66,66,66,54,54,53,53,44,62,33,13,53,66,66,50,0],"gold":39,"neow_bonus":"BOSS_RELIC","is_prod":false,"is_daily":false,"chose_seed":false,"campfire_upgraded":2,"win_rate":0,"timestamp":1648325807,"path_taken":["M","M","$","M","M","R","E","M","T","R","E","?","?","E","R","BOSS","M","M","?","$","?","E","R","M","T","R","$","E","M","E","R","BOSS","M","M","?","?","$","E","R","?","T","E","M","E","M","M","R","BOSS","BOSS","R","$","E","BOSS"],"build_version":"2022-03-07","purchased_purges":4,"victory":false,"max_hp_per_floor":[66,66,66,66,66,66,66,66,66,66,66,66,66,66,66,66,66,66,66,66,66,66,66,66,66,66,66,66,66,66,66,66,66,66,66,66,66,66,66,66,66,66,66,66,66,66,66,66,66,66,66,66,66,66,66,66],"relic_stats":{"counters":[30,105],"Dead Branch":[93],"Eternal Feather":63,"Snake Skull":[346],"PreservedInsect":207,"Juzu Bracelet":2,"Letter Opener":[25],"War Paint":["Survivor","Crippling Poison"],"Bottled Tornado":"Envenom","Orichalcum":[102],"Smiling Mask":175,"Cursed Key":1,"Blood Vial":2,"Bottled Flame":"Riddle With Holes","Shovel":6,"Sundial":[8],"Bronze Scales":[131],"Snecko Eye":[204,188,201,175,-98],"MealTicket":28,"Pandora\u0027s Box":["Venomology","Leg Sweep","Bane","Deflect","Storm of Steel","Quick Slash","Reflex","Backstab","Eviscerate","Envenom"],"Art of War":[3],"obtain_stats":[{"Lantern":46,"Dead Branch":40,"Vajra":7,"Eternal Feather":24,"Snake Skull":13,"PreservedInsect":44,"Juzu Bracelet":15,"Letter Opener":53,"War Paint":23,"Bottled Tornado":26,"Orichalcum":31,"Smiling Mask":32,"Cursed Key":34,"Blood Vial":55,"Bottled Flame":27,"Shovel":14,"Sundial":11,"Bronze Scales":29,"Snecko Eye":0,"MealTicket":9,"Pandora\u0027s Box":17,"Art of War":41,"Ring of the Snake":0},{"Lantern":24,"Dead Branch":21,"Vajra":5,"Eternal Feather":13,"Snake Skull":7,"PreservedInsect":22,"Juzu Bracelet":9,"Letter Opener":28,"War Paint":13,"Bottled Tornado":14,"Orichalcum":17,"Smiling Mask":17,"Cursed Key":18,"Blood Vial":29,"Bottled Flame":14,"Shovel":9,"Sundial":7,"Bronze Scales":15,"Snecko Eye":0,"MealTicket":6,"Pandora\u0027s Box":10,"Art of War":21,"Ring of the Snake":0},{"Lantern":82,"Dead Branch":75,"Vajra":20,"Eternal Feather":49,"Snake Skull":28,"PreservedInsect":78,"Juzu Bracelet":37,"Letter Opener":101,"War Paint":49,"Bottled Tornado":52,"Orichalcum":61,"Smiling Mask":61,"Cursed Key":66,"Blood Vial":103,"Bottled Flame":52,"Shovel":37,"Sundial":28,"Bronze Scales":54,"Snecko Eye":0,"MealTicket":24,"Pandora\u0027s Box":40,"Art of War":75,"Ring of the Snake":0}]},"card_choices":[{"not_picked":["Setup","Outmaneuver"],"picked":"Footwork","floor":1},{"not_picked":["Acrobatics","Flying Knee"],"picked":"Choke","floor":2},{"not_picked":["Dagger Throw","Escape Plan"],"picked":"Eviscerate","floor":4},{"not_picked":["Skewer","Quick Slash","Deadly Poison"],"picked":"SKIP","floor":5},{"not_picked":["Cloak And Dagger","Accuracy"],"picked":"Well Laid Plans","floor":7},{"not_picked":["Blade Dance","Sucker Punch","Underhanded Strike"],"picked":"SKIP","floor":8},{"not_picked":["Bane","Deadly Poison"],"picked":"Venomology","floor":11},{"not_picked":["All Out Attack","Dagger Throw"],"picked":"Terror","floor":13},{"not_picked":["Cloak And Dagger","Storm of Steel","Flechettes"],"picked":"SKIP","floor":14},{"not_picked":["Cloak And Dagger","Storm of Steel","Flechettes"],"picked":"SKIP","floor":14},{"not_picked":["Backstab+1","Concentrate","Dagger Throw"],"picked":"SKIP","floor":18},{"not_picked":["Deflect+1","Dodge and Roll"],"picked":"PiercingWail","floor":19},{"not_picked":["Concentrate","Adrenaline"],"picked":"Riddle With Holes","floor":23},{"not_picked":["Prepared","Sucker Punch"],"picked":"Acrobatics","floor":25},{"not_picked":["Grand Finale","Footwork"],"picked":"Dash","floor":29},{"not_picked":["Blur","Dagger Spray","Dagger Throw"],"picked":"SKIP","floor":30},{"not_picked":["Cloak And Dagger","Bouncing Flask","Catalyst"],"picked":"SKIP","floor":31},{"not_picked":["Venomology","A Thousand Cuts"],"picked":"Corpse Explosion","floor":33},{"not_picked":["PiercingWail","Cloak And Dagger+1"],"picked":"Leg Sweep+1","floor":35},{"not_picked":["Dodge and Roll","Underhanded Strike+1","Blade Dance+1"],"picked":"SKIP","floor":36},{"not_picked":["Deep Breath","Panacea"],"picked":"Master of Strategy","floor":37},{"not_picked":["Phantasmal Killer","Bane","Flying Knee"],"picked":"SKIP","floor":40},{"not_picked":["Caltrops","Glass Knife","Masterful Stab"],"picked":"SKIP","floor":44},{"not_picked":["Setup","Outmaneuver"],"picked":"Cloak And Dagger+1","floor":45},{"not_picked":["Dagger Throw+1","Bane","Skewer+1"],"picked":"SKIP","floor":46},{"not_picked":["Quick Slash","Prepared","Dodge and Roll"],"picked":"SKIP","floor":47},{"not_picked":["Blur","Acrobatics+1"],"picked":"Outmaneuver+1","floor":48},{"not_picked":["Deadly Poison","Adrenaline"],"picked":"PiercingWail","floor":55}],"player_experience":6583795,"relics_obtained":[{"floor":7,"key":"Vajra"},{"floor":9,"key":"MealTicket"},{"floor":11,"key":"Sundial"},{"floor":14,"key":"Shovel"},{"floor":15,"key":"Juzu Bracelet"},{"floor":23,"key":"War Paint"},{"floor":24,"key":"Eternal Feather"},{"floor":26,"key":"Bottled Tornado"},{"floor":27,"key":"Bottled Flame"},{"floor":29,"key":"Bronze Scales"},{"floor":31,"key":"Orichalcum"},{"floor":32,"key":"Smiling Mask"},{"floor":40,"key":"Dead Branch"},{"floor":41,"key":"Art of War"},{"floor":44,"key":"PreservedInsect"},{"floor":46,"key":"Lantern"},{"floor":53,"key":"Letter Opener"},{"floor":55,"key":"Blood Vial"}],"event_choices":[{"damage_healed":22,"gold_gain":0,"player_choice":"Banana","damage_taken":0,"max_hp_gain":0,"max_hp_loss":0,"event_name":"Big Fish","floor":12,"gold_loss":0},{"damage_healed":0,"gold_gain":30,"player_choice":"Searched \u00273\u0027 times","damage_taken":0,"relics_obtained":["Snake Skull"],"max_hp_gain":0,"max_hp_loss":0,"event_name":"Dead Adventurer","floor":13,"gold_loss":0},{"damage_healed":0,"gold_gain":50,"player_choice":"Stole From Cult","damage_taken":0,"max_hp_gain":0,"max_hp_loss":0,"event_name":"Nest","floor":20,"gold_loss":0},{"damage_healed":0,"gold_gain":0,"player_choice":"Bought 2 Potions","damage_taken":0,"max_hp_gain":0,"max_hp_loss":0,"event_name":"The Woman in Blue","floor":22,"gold_loss":0},{"damage_healed":0,"gold_gain":0,"player_choice":"Memory 3","damage_taken":10,"max_hp_gain":0,"max_hp_loss":0,"event_name":"SensoryStone","floor":37,"gold_loss":0},{"damage_healed":0,"gold_gain":0,"player_choice":"1 cards matched","damage_taken":0,"max_hp_gain":0,"max_hp_loss":0,"event_name":"Match and Keep!","floor":38,"gold_loss":0,"cards_obtained":["Injury"]},{"damage_healed":0,"gold_gain":0,"player_choice":"Forge","damage_taken":0,"max_hp_gain":0,"max_hp_loss":0,"event_name":"Accursed Blacksmith","floor":42,"gold_loss":0,"cards_upgraded":["Corpse Explosion"]}],"is_beta":false,"boss_relics":[{"not_picked":["Ectoplasm","Philosopher\u0027s Stone"],"picked":"Pandora\u0027s Box"},{"not_picked":["Tiny House","Empty Cage"],"picked":"Cursed Key"}],"items_purged_floors":[21,28,39,54],"is_endless":false,"potions_floor_spawned":[1,4,5,11,13,18,25,30,35,44,45,46,48],"killed_by":"The Heart","ascension_level":20}