{"gold_per_floor":[113,113,131,53,64,64,90,1,1,31,48,48,61,96,96,171,171,187,112,124,24,34,34,45,79,79,109,119,119,44,44,44,117,117,130,130,36,36,36,62,62,87,87,115,115,145,156,156,156,156,156,156,156,5,35,35],"floor_reached":56,"playtime":5610,"items_purged":["Strike_G","Strike_G"],"score":2238,"play_id":"b27a57f9-1fd9-44c6-b773-3ad01b1961b8","local_time":"20220325200534","is_ascension_mode":true,"campfire_choices":[{"data":"Deadly Poison","floor":6,"key":"SMITH"},{"floor":12,"key":"REST"},{"floor":15,"key":"DIG"},{"data":"Wraith Form v2","floor":23,"key":"SMITH"},{"floor":32,"key":"REST"},{"data":"Well Laid Plans","floor":41,"key":"SMITH"},{"floor":45,"key":"RECALL"},{"data":"Night Terror","floor":49,"key":"SMITH"},{"floor":53,"key":"DIG"}],"neow_cost":"NONE","seed_source_timestamp":2504341222766900,"circlet_count":0,"master_deck":["AscendersBane","Defend_G","Defend_G","Defend_G","Defend_G","Defend_G","Survivor","Neutralize","Terror+1","Deadly Poison+1","Sucker Punch+1","Bane+1","Leg Sweep","Bane+1","Poisoned Stab+1","Tools of the Trade","Backstab+1","Dagger Spray+1","Wraith Form v2+1","Slice+1","Slice+1","Prepared+1","Backflip","Well Laid Plans+1","Endless Agony+1","Panacea","Calculated Gamble","Night Terror+1","Blur+1","Escape Plan+1","Escape Plan","Concentrate+1","Night Terror"],"relics":["Black Star","InkBottle","Strawberry","Bronze Scales","Molten Egg 2","MealTicket","Prayer Wheel","Shovel","Ginger","Unceasing Top","Empty Cage","Orichalcum","Kunai","Juzu Bracelet","Pen Nib","Darkstone Periapt","Coffee Dripper","Lantern","Whetstone","Regal Pillow","Art of War","Boot","Ninja Scroll","HornCleat","Eternal Feather","Pantograph","Nunchaku","Ornamental Fan"],"potions_floor_usage":[7,7,10,18,22,27,44,50,56],"damage_taken":[{"damage":4,"enemies":"Small Slimes","floor":1,"turns":5},{"damage":2,"enemies":"Jaw Worm","floor":3,"turns":4},{"damage":3,"enemies":"Cultist","floor":5,"turns":5},{"damage":29,"enemies":"3 Sentries","floor":7,"turns":11},{"damage":8,"enemies":"Gremlin Nob","floor":10,"turns":3},{"damage":10,"enemies":"Gremlin Gang","floor":11,"turns":7},{"damage":0,"enemies":"2 Fungi Beasts","floor":13,"turns":3},{"damage":10,"enemies":"Lagavulin","floor":14,"turns":5},{"damage":12,"enemies":"Hexaghost","floor":16,"turns":9},{"damage":20,"enemies":"Shell Parasite","floor":18,"turns":4},{"damage":7,"enemies":"Chosen","floor":20,"turns":3},{"damage":6,"enemies":"Snecko","floor":22,"turns":4},{"damage":14,"enemies":"Sentry and Sphere","floor":24,"turns":6},{"damage":0,"enemies":"Gremlin Leader","floor":25,"turns":5},{"damage":3,"enemies":"Slavers","floor":27,"turns":6},{"damage":14,"enemies":"Snake Plant","floor":28,"turns":3},{"damage":5,"enemies":"Champ","floor":33,"turns":15},{"damage":5,"enemies":"3 Darklings","floor":35,"turns":4},{"damage":9,"enemies":"Nemesis","floor":40,"turns":5},{"damage":5,"enemies":"Giant Head","floor":42,"turns":8},{"damage":26,"enemies":"Reptomancer","floor":44,"turns":6},{"damage":0,"enemies":"Giant Head","floor":46,"turns":9},{"damage":1,"enemies":"Orb Walker","floor":47,"turns":2},{"damage":34,"enemies":"Time Eater","floor":50,"turns":16},{"damage":0,"enemies":"Donu and Deca","floor":51,"turns":13},{"damage":51,"enemies":"Shield and Spear","floor":55,"turns":12},{"damage":43,"enemies":"The Heart","floor":56,"turns":3}],"seed_played":"2773532636720969537","potions_obtained":[{"floor":1,"key":"AttackPotion"},{"floor":5,"key":"DistilledChaos"},{"floor":11,"key":"Ancient Potion"},{"floor":16,"key":"Fire Potion"},{"floor":20,"key":"Block Potion"},{"floor":24,"key":"DuplicationPotion"},{"floor":44,"key":"FearPotion"},{"floor":48,"key":"SpeedPotion"}],"is_trial":false,"path_per_floor":["M","?","M","?","M","R","E","$","T","E","M","R","M","E","R","B",null,"M","$","M","$","M","R","M","E","T","E","M","?","?","?","R","B",null,"M","?","$","?","?","E","R","E","T","E","R","E","M","?","R","B","B",null,"R","$","E","B"],"character_chosen":"THE_SILENT","items_purchased":["Leg Sweep","AttackPotion","Panacea","Night Terror"],"campfire_rested":2,"item_purchase_floors":[8,8,37,54],"current_hp_per_floor":[55,55,53,53,50,50,28,28,28,20,10,31,31,21,21,9,57,37,52,45,60,54,54,40,40,40,37,23,23,23,11,32,27,62,57,57,72,72,69,60,60,55,55,29,29,29,28,28,46,12,12,55,69,69,18,0],"gold":35,"neow_bonus":"BOSS_RELIC","is_prod":false,"is_daily":false,"chose_seed":false,"campfire_upgraded":4,"win_rate":0,"timestamp":1648253134,"path_taken":["M","?","M","?","M","R","E","$","T","E","M","R","M","E","R","BOSS","M","$","M","$","M","R","?","E","T","E","M","?","?","?","R","BOSS","M","?","$","?","?","E","R","E","T","E","R","E","M","?","R","BOSS","BOSS","R","$","E","BOSS"],"build_version":"2022-03-07","purchased_purges":2,"victory":false,"max_hp_per_floor":[66,66,66,66,66,66,73,73,73,73,73,73,73,73,73,73,73,73,73,73,73,73,73,73,73,73,73,73,73,73,73,73,73,73,73,73,73,73,69,69,69,69,69,69,69,69,69,69,69,69,69,69,69,69,69,69],"relic_stats":{"Darkstone Periapt":0,"Regal Pillow":0,"counters":[27,176],"Eternal Feather":32,"Pen Nib":[23],"Juzu Bracelet":3,"Ginger":[20],"Whetstone":["Sucker Punch","Bane"],"Orichalcum":[294],"Boot":[35],"Nunchaku":[1],"Shovel":2,"Ornamental Fan":[12],"Bronze Scales":[432],"Pantograph":25,"MealTicket":45,"Prayer Wheel":9,"Black Star":10,"Art of War":[17],"Kunai":[56],"obtain_stats":[{"Darkstone Periapt":27,"Lantern":40,"Regal Pillow":42,"Juzu Bracelet":26,"Ginger":14,"Whetstone":40,"Empty Cage":17,"Boot":44,"Nunchaku":55,"Shovel":14,"HornCleat":46,"Ninja Scroll":44,"Strawberry":7,"Pantograph":53,"MealTicket":10,"Prayer Wheel":10,"Kunai":25,"InkBottle":4,"Ring of the Snake":0,"Eternal Feather":46,"Pen Nib":27,"Orichalcum":25,"Ornamental Fan":55,"Bronze Scales":7,"Molten Egg 2":9,"Black Star":0,"Coffee Dripper":34,"Art of War":42,"Unceasing Top":15},{"Darkstone Periapt":15,"Lantern":19,"Regal Pillow":20,"Juzu Bracelet":14,"Ginger":8,"Whetstone":19,"Empty Cage":9,"Boot":21,"Nunchaku":26,"Shovel":8,"HornCleat":22,"Ninja Scroll":21,"Strawberry":4,"Pantograph":25,"MealTicket":5,"Prayer Wheel":5,"Kunai":14,"InkBottle":2,"Ring of the Snake":0,"Eternal Feather":22,"Pen Nib":15,"Orichalcum":14,"Ornamental Fan":26,"Bronze Scales":4,"Molten Egg 2":4,"Black Star":0,"Coffee Dripper":17,"Art of War":20,"Unceasing Top":8},{"Darkstone Periapt":80,"Lantern":107,"Regal Pillow":115,"Juzu Bracelet":74,"Ginger":43,"Whetstone":107,"Empty Cage":52,"Boot":121,"Nunchaku":173,"Shovel":43,"HornCleat":130,"Ninja Scroll":121,"Strawberry":25,"Pantograph":161,"MealTicket":28,"Prayer Wheel":28,"Kunai":74,"InkBottle":9,"Ring of the Snake":0,"Eternal Feather":130,"Pen Nib":80,"Orichalcum":74,"Ornamental Fan":173,"Bronze Scales":25,"Molten Egg 2":25,"Black Star":0,"Coffee Dripper":98,"Art of War":115,"Unceasing Top":43}],"InkBottle":[73],"Unceasing Top":[42]},"card_choices":[{"not_picked":["Distraction","Leg Sweep"],"picked":"Terror","floor":1},{"not_picked":["PiercingWail","Backflip"],"picked":"Deadly Poison","floor":3},{"not_picked":["Concentrate","Cloak And Dagger"],"picked":"Sucker Punch","floor":5},{"not_picked":["Underhanded Strike","Slice"],"picked":"Bane","floor":7},{"not_picked":["Night Terror","Tactician","Blade Dance"],"picked":"SKIP","floor":10},{"not_picked":["Dodge and Roll","Footwork"],"picked":"Bane+1","floor":11},{"not_picked":["Prepared","Concentrate","Finisher+1"],"picked":"SKIP","floor":11},{"not_picked":["PiercingWail","Dagger Spray+1"],"picked":"Poisoned Stab+1","floor":13},{"not_picked":["Underhanded Strike+1","Leg Sweep","Tactician"],"picked":"SKIP","floor":13},{"not_picked":["Poisoned Stab+1","Backstab+1","Noxious Fumes"],"picked":"SKIP","floor":14},{"not_picked":["Grand Finale+1","Night Terror"],"picked":"Tools of the Trade","floor":16},{"not_picked":["Prepared","Leg Sweep"],"picked":"Backstab+1","floor":18},{"not_picked":["Riddle With Holes+1","Leg Sweep"],"picked":"Dagger Spray+1","floor":18},{"not_picked":["Deflect","Caltrops"],"picked":"Wraith Form v2","floor":20},{"not_picked":["Prepared","Dagger Throw+1"],"picked":"Slice+1","floor":20},{"not_picked":["Deadly Poison","Tactician","Cloak And Dagger"],"picked":"SKIP","floor":22},{"not_picked":["Sucker Punch+1","Prepared","Outmaneuver"],"picked":"SKIP","floor":22},{"not_picked":["Dodge and Roll","Underhanded Strike+1"],"picked":"Slice+1","floor":24},{"not_picked":["Corpse Explosion","Poisoned Stab+1"],"picked":"Prepared+1","floor":24},{"not_picked":["Bouncing Flask","Predator+1"],"picked":"Backflip","floor":25},{"not_picked":["Backflip","Accuracy"],"picked":"Well Laid Plans","floor":27},{"not_picked":["Blur","Noxious Fumes"],"picked":"Endless Agony+1","floor":28},{"not_picked":["Caltrops","Underhanded Strike+1","Flechettes+1"],"picked":"SKIP","floor":28},{"not_picked":["Accuracy","Poisoned Stab+1","Skewer+1"],"picked":"SKIP","floor":35},{"not_picked":["Dagger Spray+1","Flying Knee+1","Eviscerate+1"],"picked":"SKIP","floor":35},{"not_picked":["Quick Slash+1","Leg Sweep"],"picked":"Calculated Gamble","floor":40},{"not_picked":["Deflect","Tools of the Trade"],"picked":"Night Terror","floor":42},{"not_picked":["Outmaneuver+1","Deflect"],"picked":"Blur+1","floor":44},{"not_picked":["Deadly Poison","Flying Knee+1"],"picked":"Escape Plan+1","floor":46},{"not_picked":["Flying Knee+1","Deadly Poison"],"picked":"Escape Plan","floor":47},{"not_picked":["Acrobatics","Well Laid Plans"],"picked":"Concentrate+1","floor":47},{"not_picked":["Cloak And Dagger","Flying Knee+1","Deflect"],"picked":"SKIP","floor":55},{"not_picked":["Cloak And Dagger","Flying Knee+1","Deflect"],"picked":"SKIP","floor":55}],"player_experience":6569473,"relics_obtained":[{"floor":7,"key":"Strawberry"},{"floor":7,"key":"Bronze Scales"},{"floor":9,"key":"Molten Egg 2"},{"floor":10,"key":"MealTicket"},{"floor":10,"key":"Prayer Wheel"},{"floor":14,"key":"Shovel"},{"floor":14,"key":"Ginger"},{"floor":15,"key":"Unceasing Top"},{"floor":25,"key":"Orichalcum"},{"floor":25,"key":"Kunai"},{"floor":26,"key":"Juzu Bracelet"},{"floor":27,"key":"Pen Nib"},{"floor":27,"key":"Darkstone Periapt"},{"floor":40,"key":"Lantern"},{"floor":40,"key":"Whetstone"},{"floor":42,"key":"Regal Pillow"},{"floor":42,"key":"Art of War"},{"floor":44,"key":"Boot"},{"floor":44,"key":"Ninja Scroll"},{"floor":46,"key":"HornCleat"},{"floor":46,"key":"Eternal Feather"},{"floor":53,"key":"Pantograph"},{"floor":55,"key":"Nunchaku"},{"floor":55,"key":"Ornamental Fan"}],"event_choices":[{"damage_healed":0,"gold_gain":0,"player_choice":"Grow","damage_taken":0,"max_hp_gain":0,"max_hp_loss":0,"event_name":"Living Wall","floor":2,"gold_loss":0,"cards_upgraded":["Terror"]},{"damage_healed":0,"gold_gain":0,"player_choice":"Paid Gold","damage_taken":0,"relics_obtained":["InkBottle"],"max_hp_gain":0,"max_hp_loss":0,"event_name":"WeMeetAgain","floor":4,"gold_loss":78},{"damage_healed":0,"gold_gain":0,"player_choice":"Ignored","damage_taken":0,"max_hp_gain":0,"max_hp_loss":0,"event_name":"Vampires","floor":29,"gold_loss":0},{"cards_removed":["Strike_G"],"damage_healed":0,"gold_gain":0,"player_choice":"Gave Gold","damage_taken":0,"max_hp_gain":0,"max_hp_loss":0,"event_name":"Beggar","floor":30,"gold_loss":75},{"damage_healed":0,"gold_gain":0,"player_choice":"POTION ","damage_taken":12,"max_hp_gain":0,"max_hp_loss":0,"event_name":"Knowing Skull","floor":31,"potions_obtained":["SteroidPotion"],"gold_loss":0,"cards_obtained":[]},{"damage_healed":0,"gold_gain":0,"player_choice":"Ignored","damage_taken":0,"max_hp_gain":0,"max_hp_loss":0,"event_name":"Tomb of Lord Red Mask","floor":36,"gold_loss":0},{"damage_healed":0,"gold_gain":0,"player_choice":"Ignored","damage_taken":0,"max_hp_gain":0,"max_hp_loss":0,"event_name":"SecretPortal","floor":38,"gold_loss":0},{"damage_healed":0,"gold_gain":0,"player_choice":"Max HP","damage_taken":0,"max_hp_gain":0,"max_hp_loss":4,"event_name":"Winding Halls","floor":39,"gold_loss":0},{"damage_healed":0,"gold_gain":0,"player_choice":"Got Potions","damage_taken":0,"max_hp_gain":0,"max_hp_loss":0,"event_name":"Lab","floor":48,"gold_loss":0}],"is_beta":false,"boss_relics":[{"not_picked":["Philosopher\u0027s Stone","SacredBark"],"picked":"Empty Cage"},{"not_picked":["Cursed Key","Astrolabe"],"picked":"Coffee Dripper"}],"items_purged_floors":[19,21],"is_endless":false,"potions_floor_spawned":[1,5,11,16,20,24,25,35,44,47],"killed_by":"The Heart","ascension_level":20}