{"gold_per_floor":[111,36,36,36,36,36,69,69,69,69,85,97,131,150,150,228,228,248,267,4,4,19,19,50,64,87,116,131,145,173,185,185,262,262,280,280,290,290,290,317,317,8,8,37,54,69,69,69,69,69,69,69,69,6,33,33],"floor_reached":56,"playtime":4550,"items_purged":["Strike_G","Pain"],"score":2125,"play_id":"4b031649-15db-47bc-9b12-8da0afd15eb1","local_time":"20220326145527","is_ascension_mode":true,"campfire_choices":[{"data":"Survivor","floor":6,"key":"SMITH"},{"data":"Neutralize","floor":8,"key":"SMITH"},{"data":"Bane","floor":10,"key":"SMITH"},{"data":"Dash","floor":15,"key":"SMITH"},{"floor":23,"key":"REST"},{"data":"Tools of the Trade","floor":32,"key":"SMITH"},{"floor":41,"key":"RECALL"},{"floor":47,"key":"REST"},{"data":"Sadistic Nature","floor":49,"key":"SMITH"},{"floor":53,"key":"REST"}],"neow_cost":"NONE","seed_source_timestamp":2573196274734600,"circlet_count":0,"master_deck":["AscendersBane","Strike_G","Defend_G","Defend_G","Defend_G","Defend_G","Defend_G","Survivor+1","Neutralize+1","Flying Knee","Bane+1","Terror+1","Dash+1","Blur+1","Deadly Poison+1","Malaise+1","Adrenaline+1","Quick Slash+1","PiercingWail+1","Backflip+1","Acrobatics+1","Malaise+1","Concentrate+1","Tools of the Trade+1","Night Terror+1","Acrobatics+1","Metamorphosis+1","Deep Breath+1","Sadistic Nature+1","Crippling Poison+1","Blur+1","Bouncing Flask+1","Impatience+1","Backflip+1","Well Laid Plans+1","Catalyst+1","Prepared+1","Deadly Poison+1","PiercingWail+1","Noxious Fumes"],"relics":["Ring of the Serpent","NeowsBlessing","WarpedTongs","Toxic Egg 2","White Beast Statue","Omamori","Chemical X","Question Card","Pantograph","Nunchaku","The Courier","SacredBark","Bottled Lightning","Membership Card","Mummified Hand","Sundial","Darkstone Periapt","Oddly Smooth Stone"],"potions_floor_usage":[13,16,18,19,24,25,25,30,33,35,37,46,51,55,56],"damage_taken":[{"damage":0,"enemies":"2 Louse","floor":1,"turns":1},{"damage":0,"enemies":"3 Sentries","floor":7,"turns":1},{"damage":0,"enemies":"Small Slimes","floor":11,"turns":1},{"damage":2,"enemies":"Cultist","floor":12,"turns":3},{"damage":1,"enemies":"Gremlin Nob","floor":13,"turns":4},{"damage":2,"enemies":"Red Slaver","floor":14,"turns":2},{"damage":13,"enemies":"The Guardian","floor":16,"turns":11},{"damage":10,"enemies":"2 Thieves","floor":18,"turns":4},{"damage":9,"enemies":"Spheric Guardian","floor":19,"turns":5},{"damage":1,"enemies":"Centurion and Healer","floor":22,"turns":7},{"damage":10,"enemies":"Gremlin Leader","floor":24,"turns":7},{"damage":0,"enemies":"Shelled Parasite and Fungi","floor":25,"turns":2},{"damage":0,"enemies":"Book of Stabbing","floor":27,"turns":7},{"damage":0,"enemies":"Cultist and Chosen","floor":28,"turns":7},{"damage":0,"enemies":"Chosen and Byrds","floor":29,"turns":6},{"damage":15,"enemies":"Slavers","floor":30,"turns":7},{"damage":0,"enemies":"Centurion and Healer","floor":31,"turns":5},{"damage":45,"enemies":"Collector","floor":33,"turns":12},{"damage":0,"enemies":"3 Shapes","floor":35,"turns":7},{"damage":16,"enemies":"Orb Walker","floor":37,"turns":4},{"damage":2,"enemies":"Giant Head","floor":40,"turns":6},{"damage":2,"enemies":"Nemesis","floor":44,"turns":7},{"damage":1,"enemies":"4 Shapes","floor":45,"turns":6},{"damage":13,"enemies":"Transient","floor":46,"turns":6},{"damage":12,"enemies":"Donu and Deca","floor":50,"turns":11},{"damage":27,"enemies":"Time Eater","floor":51,"turns":8},{"damage":17,"enemies":"Shield and Spear","floor":55,"turns":6},{"damage":86,"enemies":"The Heart","floor":56,"turns":3}],"seed_played":"240655108532297308","potions_obtained":[{"floor":11,"key":"Block Potion"},{"floor":12,"key":"Energy Potion"},{"floor":13,"key":"DuplicationPotion"},{"floor":16,"key":"SpeedPotion"},{"floor":18,"key":"EssenceOfSteel"},{"floor":19,"key":"Fire Potion"},{"floor":24,"key":"SteroidPotion"},{"floor":25,"key":"PowerPotion"},{"floor":27,"key":"ColorlessPotion"},{"floor":28,"key":"SteroidPotion"},{"floor":29,"key":"LiquidMemories"},{"floor":30,"key":"PowerPotion"},{"floor":33,"key":"Explosive Potion"},{"floor":35,"key":"Energy Potion"},{"floor":37,"key":"DuplicationPotion"},{"floor":46,"key":"DistilledChaos"},{"floor":55,"key":"FearPotion"}],"is_trial":false,"path_per_floor":["M","$","?","?","?","R","E","R","T","R","M","M","E","M","R","B",null,"M","M","$","?","M","R","E","M","T","E","M","M","E","M","R","B",null,"M","?","M","?","?","E","R","$","T","E","M","M","R","?","R","B","B",null,"R","$","E","B"],"character_chosen":"THE_SILENT","items_purchased":["Chemical X","Membership Card","Mummified Hand","Impatience+1","Backflip+1","Deadly Poison+1","PiercingWail+1","LiquidBronze"],"campfire_rested":3,"item_purchase_floors":[20,42,42,42,42,54,54,54],"current_hp_per_floor":[59,59,59,59,59,59,59,59,59,59,59,57,56,54,54,41,60,50,41,41,41,40,59,49,49,49,49,49,49,34,34,34,14,53,53,43,27,40,40,38,38,38,38,36,35,22,41,41,41,54,39,59,66,66,49,0],"gold":33,"neow_bonus":"THREE_ENEMY_KILL","is_prod":false,"is_daily":false,"chose_seed":false,"campfire_upgraded":6,"win_rate":0,"timestamp":1648320927,"path_taken":["M","$","?","?","?","R","E","R","T","R","?","M","E","M","R","BOSS","M","M","$","?","M","R","E","M","T","E","M","M","E","M","R","BOSS","M","?","M","?","?","E","R","$","T","E","?","M","R","?","R","BOSS","BOSS","R","$","E","BOSS"],"build_version":"2022-03-07","purchased_purges":2,"victory":false,"max_hp_per_floor":[66,66,66,66,66,66,66,66,66,66,66,66,66,66,66,66,66,66,66,66,66,66,66,66,66,66,66,66,66,66,66,66,66,66,66,66,66,66,66,66,66,66,66,66,66,66,66,66,66,66,66,66,66,66,66,66],"relic_stats":{"Darkstone Periapt":0,"counters":[28,156],"The Courier":387,"Omamori":2,"Question Card":19,"White Beast Statue":[0.0,0.0,0.0,0.4,0.0,0.6000000000000001,0.0,0.0,0.0,0.0,0.0,10.910181672960004],"WarpedTongs":[132],"Nunchaku":[17],"Mummified Hand":[23],"Sundial":[10],"Pantograph":79,"Chemical X":[36],"Bottled Lightning":"Metamorphosis","Membership Card":387,"obtain_stats":[{"Darkstone Periapt":44,"NeowsBlessing":0,"SacredBark":34,"Oddly Smooth Stone":55,"The Courier":30,"Omamori":13,"Question Card":21,"White Beast Statue":9,"WarpedTongs":5,"Nunchaku":27,"Mummified Hand":42,"Sundial":43,"Pantograph":24,"Chemical X":20,"Bottled Lightning":40,"Membership Card":42,"Toxic Egg 2":7,"Ring of the Serpent":17,"Ring of the Snake":0},{"Darkstone Periapt":22,"NeowsBlessing":0,"SacredBark":18,"Oddly Smooth Stone":27,"The Courier":16,"Omamori":5,"Question Card":9,"White Beast Statue":2,"WarpedTongs":1,"Nunchaku":13,"Mummified Hand":21,"Sundial":21,"Pantograph":11,"Chemical X":9,"Bottled Lightning":21,"Membership Card":21,"Toxic Egg 2":2,"Ring of the Serpent":7,"Ring of the Snake":0},{"Darkstone Periapt":116,"NeowsBlessing":0,"SacredBark":92,"Oddly Smooth Stone":153,"The Courier":75,"Omamori":10,"Question Card":32,"White Beast Statue":2,"WarpedTongs":1,"Nunchaku":55,"Mummified Hand":109,"Sundial":109,"Pantograph":46,"Chemical X":32,"Bottled Lightning":109,"Membership Card":109,"Toxic Egg 2":2,"Ring of the Serpent":23,"Ring of the Snake":0}]},"card_choices":[{"not_picked":["Quick Slash","Concentrate"],"picked":"Flying Knee","floor":1},{"not_picked":["Dagger Spray","Slice"],"picked":"Terror+1","floor":7},{"not_picked":["Predator","Heel Hook"],"picked":"Dash","floor":11},{"not_picked":["Outmaneuver+1","Deflect+1"],"picked":"Blur+1","floor":12},{"not_picked":["Eviscerate","Predator"],"picked":"Deadly Poison+1","floor":13},{"not_picked":["Deadly Poison+1","Outmaneuver+1"],"picked":"Malaise+1","floor":14},{"not_picked":["Die Die Die","Doppelganger+1"],"picked":"Adrenaline+1","floor":16},{"not_picked":["All Out Attack","Poisoned Stab"],"picked":"Quick Slash+1","floor":18},{"not_picked":["Choke","Dagger Throw","Bane"],"picked":"SKIP","floor":19},{"not_picked":["Quick Slash","Deflect+1","Dash"],"picked":"PiercingWail+1","floor":22},{"not_picked":["Infinite Blades+1","Deadly Poison+1","Predator"],"picked":"Backflip+1","floor":25},{"not_picked":["Blade Dance+1","Escape Plan+1","Outmaneuver+1"],"picked":"Acrobatics+1","floor":27},{"not_picked":["Quick Slash","Finisher","Prepared+1"],"picked":"Malaise+1","floor":28},{"not_picked":["Endless Agony","Outmaneuver+1","Eviscerate"],"picked":"Concentrate+1","floor":29},{"not_picked":["Cloak And Dagger+1","Blade Dance+1","Poisoned Stab","Bane"],"picked":"SKIP","floor":30},{"not_picked":["Leg Sweep+1","Flying Knee","Footwork"],"picked":"Tools of the Trade","floor":31},{"not_picked":["After Image","Bullet Time+1","Unload"],"picked":"Night Terror+1","floor":33},{"not_picked":["Deflect+1","Distraction+1","Concentrate+1"],"picked":"Acrobatics+1","floor":35},{"not_picked":["Dramatic Entrance","Deep Breath+1","Trip+1"],"picked":"Metamorphosis+1","floor":36},{"not_picked":["Flash of Steel","Apotheosis+1","Mayhem"],"picked":"Deep Breath+1","floor":36},{"not_picked":["Jack Of All Trades+1","Bandage Up+1","Apotheosis+1"],"picked":"Sadistic Nature","floor":36},{"not_picked":["Noxious Fumes","Masterful Stab","Escape Plan+1"],"picked":"Crippling Poison+1","floor":37},{"not_picked":["Concentrate+1","Terror+1","Slice+1"],"picked":"Bouncing Flask+1","floor":40},{"not_picked":["Grand Finale","Slice","Noxious Fumes"],"picked":"Well Laid Plans+1","floor":44},{"not_picked":["Dagger Throw","Cloak And Dagger+1","Deflect+1"],"picked":"Catalyst+1","floor":45},{"not_picked":["Outmaneuver+1","Deflect+1","Die Die Die"],"picked":"Prepared+1","floor":46},{"not_picked":["Bane+1","Expertise+1","Storm of Steel+1"],"picked":"Noxious Fumes","floor":55}],"player_experience":6579245,"relics_obtained":[{"floor":7,"key":"Toxic Egg 2"},{"floor":9,"key":"White Beast Statue"},{"floor":13,"key":"Omamori"},{"floor":24,"key":"Pantograph"},{"floor":27,"key":"Nunchaku"},{"floor":30,"key":"The Courier"},{"floor":40,"key":"Bottled Lightning"},{"floor":43,"key":"Sundial"},{"floor":44,"key":"Darkstone Periapt"},{"floor":55,"key":"Oddly Smooth Stone"}],"event_choices":[{"damage_healed":0,"gold_gain":0,"cards_transformed":["Strike_G"],"player_choice":"Change","damage_taken":0,"max_hp_gain":0,"max_hp_loss":0,"event_name":"Living Wall","floor":3,"gold_loss":0,"cards_obtained":["Bane"]},{"damage_healed":0,"gold_gain":0,"player_choice":"Ignored","damage_taken":0,"max_hp_gain":0,"max_hp_loss":0,"event_name":"Liars Game","floor":4,"gold_loss":0},{"damage_healed":0,"gold_gain":0,"player_choice":"Rummage","damage_taken":0,"relics_obtained":["WarpedTongs"],"max_hp_gain":0,"max_hp_loss":0,"event_name":"Accursed Blacksmith","floor":5,"gold_loss":0,"cards_obtained":["Pain"]},{"damage_healed":0,"gold_gain":0,"player_choice":"Opened","damage_taken":0,"relics_obtained":["Question Card"],"max_hp_gain":0,"max_hp_loss":0,"event_name":"The Mausoleum","floor":21,"gold_loss":0,"cards_obtained":["Writhe"]},{"damage_healed":0,"gold_gain":0,"player_choice":"Memory 3","damage_taken":10,"max_hp_gain":0,"max_hp_loss":0,"event_name":"SensoryStone","floor":36,"gold_loss":0},{"damage_healed":13,"gold_gain":0,"player_choice":"Writhe","damage_taken":0,"max_hp_gain":0,"max_hp_loss":0,"event_name":"Winding Halls","floor":38,"gold_loss":0,"cards_obtained":["Writhe"]},{"damage_healed":0,"gold_gain":0,"cards_transformed":["Strike_G"],"player_choice":"Transformed","damage_taken":0,"max_hp_gain":0,"max_hp_loss":0,"event_name":"Transmorgrifier","floor":39,"gold_loss":0,"cards_obtained":["Blur"]},{"cards_removed":["Strike_G"],"damage_healed":0,"gold_gain":0,"player_choice":"Removed Attack","damage_taken":0,"max_hp_gain":0,"max_hp_loss":0,"event_name":"Falling","floor":48,"gold_loss":0}],"is_beta":false,"boss_relics":[{"not_picked":["WristBlade","Sozu"],"picked":"Ring of the Serpent"},{"not_picked":["Empty Cage","Black Star"],"picked":"SacredBark"}],"items_purged_floors":[2,20],"is_endless":false,"potions_floor_spawned":[11,12,13,14,16,18,19,22,24,25,27,28,29,30,31,33,35,37,40,44,45,46,55],"killed_by":"The Heart","ascension_level":20}