{"gold_per_floor":[14,25,43,8,23,23,39,39,66,101,0,0,17,92,92,167,167,178,196,196,196,222,222,257,274,347,3,15,44,44,75,75,151,151,165,185,39,56,105,140,140,172,196,196,196,213,213,239,239,239,239,239,239,21,48,48],"floor_reached":57,"playtime":4923,"items_purged":["Strike_G","Strike_G","Defend_G"],"score":2896,"play_id":"1d4c58be-406c-4a3e-8cdf-333c33036b18","local_time":"20220408162423","is_ascension_mode":true,"campfire_choices":[{"floor":6,"key":"REST"},{"data":"Choke","floor":8,"key":"SMITH"},{"data":"Blade Dance","floor":12,"key":"SMITH"},{"data":"A Thousand Cuts","floor":15,"key":"SMITH"},{"data":"Blade Dance","floor":23,"key":"SMITH"},{"floor":30,"key":"REST"},{"data":"Ghostly","floor":32,"key":"SMITH"},{"data":"Ghostly","floor":41,"key":"SMITH"},{"floor":45,"key":"RECALL"},{"data":"Ghostly","floor":49,"key":"SMITH"},{"data":"Acrobatics","floor":53,"key":"SMITH"}],"neow_cost":"NO_GOLD","seed_source_timestamp":270848743128800,"circlet_count":0,"master_deck":["AscendersBane","Strike_G","Strike_G","Strike_G","Defend_G","Defend_G","Defend_G","Defend_G","Survivor","Neutralize","Choke+1","Infinite Blades","Well Laid Plans","Dagger Throw","Endless Agony","Blade Dance+1","Blade Dance+1","A Thousand Cuts+1","After Image","PiercingWail","Ghostly+1","Ghostly+1","Ghostly+1","Master of Strategy","Distraction+1","Acrobatics+1","Wraith Form v2+1","Accuracy+1","Well Laid Plans+1","After Image+1","Cloak And Dagger+1","Finesse+1","Acrobatics+1"],"relics":["Ring of the Snake","Ginger","Boot","Tiny Chest","Runic Dome","MutagenicStrength","Bag of Marbles","Happy Flower","Membership Card","Meat on the Bone","Frozen Egg 2","Coffee Dripper","Orrery","Du-Vu Doll","Potion Belt","Toxic Egg 2","Art of War","Kunai","Eternal Feather","Frozen Eye","Nunchaku"],"potions_floor_usage":[6,10,16,29,33,48,56,56,56],"damage_taken":[{"damage":1,"enemies":"Jaw Worm","floor":1,"turns":7},{"damage":0,"enemies":"2 Louse","floor":2,"turns":2},{"damage":0,"enemies":"Cultist","floor":3,"turns":3},{"damage":56,"enemies":"Exordium Thugs","floor":5,"turns":6},{"damage":2,"enemies":"2 Fungi Beasts","floor":7,"turns":4},{"damage":11,"enemies":"3 Sentries","floor":10,"turns":7},{"damage":1,"enemies":"Lots of Slimes","floor":13,"turns":3},{"damage":7,"enemies":"Slime Boss","floor":16,"turns":7},{"damage":19,"enemies":"Shell Parasite","floor":18,"turns":5},{"damage":23,"enemies":"2 Thieves","floor":19,"turns":4},{"damage":9,"enemies":"Gremlin Leader","floor":24,"turns":6},{"damage":0,"enemies":"Centurion and Healer","floor":25,"turns":5},{"damage":0,"enemies":"Cultist and Chosen","floor":28,"turns":3},{"damage":1,"enemies":"Slavers","floor":29,"turns":3},{"damage":0,"enemies":"Gremlin Leader","floor":31,"turns":5},{"damage":9,"enemies":"Champ","floor":33,"turns":13},{"damage":1,"enemies":"3 Darklings","floor":35,"turns":4},{"damage":0,"enemies":"Orb Walker","floor":36,"turns":1},{"damage":0,"enemies":"Maw","floor":38,"turns":5},{"damage":1,"enemies":"2 Orb Walkers","floor":39,"turns":5},{"damage":0,"enemies":"Reptomancer","floor":40,"turns":4},{"damage":0,"enemies":"Nemesis","floor":42,"turns":7},{"damage":0,"enemies":"Transient","floor":46,"turns":6},{"damage":0,"enemies":"Giant Head","floor":48,"turns":5},{"damage":6,"enemies":"Donu and Deca","floor":50,"turns":10},{"damage":13,"enemies":"Time Eater","floor":51,"turns":11},{"damage":1,"enemies":"Shield and Spear","floor":55,"turns":8},{"damage":1,"enemies":"The Heart","floor":56,"turns":8}],"seed_played":"8170081299537654660","potions_obtained":[{"floor":3,"key":"Fruit Juice"},{"floor":5,"key":"BlessingOfTheForge"},{"floor":13,"key":"Fire Potion"},{"floor":18,"key":"LiquidMemories"},{"floor":24,"key":"EssenceOfSteel"},{"floor":33,"key":"GhostInAJar"},{"floor":42,"key":"CunningPotion"},{"floor":46,"key":"Poison Potion"},{"floor":48,"key":"GamblersBrew"}],"is_trial":false,"path_per_floor":["M","M","M","?","M","R","M","R","T","E","$","R","M","?","R","B",null,"M","M","?","?","T","R","E","M","T","$","M","E","R","E","R","B",null,"M","M","$","M","?","E","R","E","T","?","R","M","T","E","R","B","B",null,"R","$","E","B",null],"character_chosen":"THE_SILENT","items_purchased":["Blade Dance","Membership Card","Master of Strategy","SteroidPotion","Orrery","CultistPotion","Cloak And Dagger+1","Finesse+1","Frozen Eye"],"campfire_rested":2,"item_purchase_floors":[11,27,27,27,37,54,54,54,54],"current_hp_per_floor":[58,58,58,66,10,36,34,34,34,23,23,23,22,11,11,4,54,35,12,12,12,12,12,3,3,3,3,3,2,12,24,24,27,33,32,32,32,32,31,31,31,31,31,31,31,31,31,31,33,27,26,31,33,33,32,31],"gold":48,"neow_bonus":"ONE_RARE_RELIC","is_prod":false,"is_daily":false,"chose_seed":false,"campfire_upgraded":8,"win_rate":0,"timestamp":1649449463,"path_taken":["M","M","M","?","M","R","M","R","T","E","$","R","M","?","R","BOSS","M","M","?","?","?","R","E","M","T","$","M","E","R","E","R","BOSS","M","?","$","M","?","E","R","E","T","?","R","M","?","E","R","BOSS","BOSS","R","$","E","BOSS"],"build_version":"2022-03-07","purchased_purges":3,"victory":true,"max_hp_per_floor":[66,66,66,66,66,71,71,71,71,71,71,71,71,71,71,71,71,71,71,71,35,35,35,35,35,35,35,35,35,35,35,35,35,35,35,35,35,35,35,35,35,35,35,33,33,33,33,33,33,33,33,33,33,33,33,33],"relic_stats":{"Happy Flower":[34],"counters":[28,157],"Eternal Feather":4,"Ginger":[25],"Boot":[190],"Frozen Eye":92.71305,"Nunchaku":[4],"Tiny Chest":2,"Art of War":[12],"Membership Card":530,"Kunai":[50],"obtain_stats":[{"Potion Belt":40,"Happy Flower":24,"Eternal Feather":48,"Ginger":0,"Frozen Egg 2":31,"Boot":9,"Du-Vu Doll":39,"Runic Dome":17,"Frozen Eye":54,"Nunchaku":55,"MutagenicStrength":20,"Orrery":37,"Tiny Chest":10,"Bag of Marbles":22,"Coffee Dripper":34,"Art of War":43,"Membership Card":27,"Kunai":47,"Toxic Egg 2":42,"Ring of the Snake":0,"Meat on the Bone":29},{"Potion Belt":21,"Happy Flower":11,"Eternal Feather":24,"Ginger":0,"Frozen Egg 2":15,"Boot":5,"Du-Vu Doll":20,"Runic Dome":8,"Frozen Eye":26,"Nunchaku":27,"MutagenicStrength":10,"Orrery":18,"Tiny Chest":6,"Bag of Marbles":10,"Coffee Dripper":16,"Art of War":22,"Membership Card":12,"Kunai":23,"Toxic Egg 2":22,"Ring of the Snake":0,"Meat on the Bone":14},{"Potion Belt":102,"Happy Flower":54,"Eternal Feather":120,"Ginger":0,"Frozen Egg 2":70,"Boot":22,"Du-Vu Doll":98,"Runic Dome":39,"Frozen Eye":141,"Nunchaku":149,"MutagenicStrength":48,"Orrery":88,"Tiny Chest":29,"Bag of Marbles":48,"Coffee Dripper":83,"Art of War":109,"Membership Card":59,"Kunai":115,"Toxic Egg 2":109,"Ring of the Snake":0,"Meat on the Bone":65}],"Ring of the Snake":[57],"Meat on the Bone":36},"card_choices":[{"not_picked":["Deflect","Acrobatics"],"picked":"Choke","floor":1},{"not_picked":["Leg Sweep","PiercingWail"],"picked":"Infinite Blades","floor":2},{"not_picked":["Prepared","Flechettes"],"picked":"Well Laid Plans","floor":3},{"not_picked":["Setup","Flechettes"],"picked":"Dagger Throw","floor":5},{"not_picked":["Tactician","Dash"],"picked":"Endless Agony","floor":7},{"not_picked":["Flying Knee","Terror"],"picked":"Blade Dance","floor":10},{"not_picked":["Deadly Poison","Poisoned Stab"],"picked":"A Thousand Cuts","floor":13},{"not_picked":["Malaise","Glass Knife"],"picked":"After Image","floor":16},{"not_picked":["Flying Knee","Deadly Poison"],"picked":"PiercingWail","floor":18},{"not_picked":["Dagger Throw","Heel Hook","Bane"],"picked":"SKIP","floor":19},{"not_picked":["Slice","Dash+1"],"picked":"Distraction+1","floor":28},{"not_picked":["Dash","Grand Finale","Masterful Stab"],"picked":"SKIP","floor":29},{"not_picked":["Dash+1","Footwork+1"],"picked":"Acrobatics","floor":31},{"not_picked":["Storm of Steel","Tools of the Trade+1"],"picked":"Wraith Form v2+1","floor":33},{"not_picked":["Distraction","Cloak And Dagger+1"],"picked":"Accuracy+1","floor":36},{"not_picked":["Bouncing Flask","Quick Slash"],"picked":"Well Laid Plans+1","floor":37},{"not_picked":["Crippling Poison","Quick Slash","Skewer"],"picked":"SKIP","floor":38},{"not_picked":["Dagger Throw","Dagger Spray"],"picked":"After Image+1","floor":39},{"not_picked":["Heel Hook","Crippling Poison","Bullet Time"],"picked":"SKIP","floor":40},{"not_picked":["Heel Hook","Crippling Poison","Bullet Time"],"picked":"SKIP","floor":40},{"not_picked":["PiercingWail+1","Crippling Poison+1","Flying Knee+1"],"picked":"SKIP","floor":42},{"not_picked":["A Thousand Cuts+1","Prepared+1"],"picked":"Acrobatics+1","floor":55}],"player_experience":6624687,"relics_obtained":[{"floor":9,"key":"Boot"},{"floor":10,"key":"Tiny Chest"},{"floor":22,"key":"Bag of Marbles"},{"floor":24,"key":"Happy Flower"},{"floor":29,"key":"Meat on the Bone"},{"floor":31,"key":"Frozen Egg 2"},{"floor":39,"key":"Du-Vu Doll"},{"floor":40,"key":"Potion Belt"},{"floor":42,"key":"Toxic Egg 2"},{"floor":43,"key":"Art of War"},{"floor":47,"key":"Kunai"},{"floor":48,"key":"Eternal Feather"},{"floor":55,"key":"Nunchaku"}],"event_choices":[{"damage_healed":16,"gold_gain":0,"player_choice":"Healed","damage_taken":0,"max_hp_gain":0,"max_hp_loss":0,"event_name":"The Cleric","floor":4,"gold_loss":35},{"damage_healed":0,"gold_gain":75,"player_choice":"Gather Gold","damage_taken":11,"max_hp_gain":0,"max_hp_loss":0,"event_name":"World of Goop","floor":14,"gold_loss":0},{"damage_healed":0,"gold_gain":0,"player_choice":"Inject Mutagens","damage_taken":0,"relics_obtained":["MutagenicStrength"],"max_hp_gain":0,"max_hp_loss":0,"event_name":"Drug Dealer","floor":20,"gold_loss":0},{"damage_healed":0,"gold_gain":0,"player_choice":"Became a Ghost","damage_taken":0,"max_hp_gain":0,"max_hp_loss":36,"event_name":"Ghosts","floor":21,"gold_loss":0,"cards_obtained":["Ghostly","Ghostly","Ghostly"]},{"damage_healed":0,"gold_gain":0,"player_choice":"Fight","damage_taken":0,"max_hp_gain":0,"max_hp_loss":0,"event_name":"Mysterious Sphere","floor":39,"gold_loss":0},{"damage_healed":0,"gold_gain":0,"player_choice":"Max HP","damage_taken":0,"max_hp_gain":0,"max_hp_loss":2,"event_name":"Winding Halls","floor":44,"gold_loss":0}],"is_beta":false,"boss_relics":[{"not_picked":["Ring of the Serpent","Tiny House"],"picked":"Runic Dome"},{"not_picked":["WristBlade","Black Star"],"picked":"Coffee Dripper"}],"items_purged_floors":[11,27,37],"is_endless":false,"potions_floor_spawned":[3,5,13,18,24,33,42,46,48],"ascension_level":20}