{"gold_per_floor":[113,113,128,140,140,140,154,154,154,183,183,201,232,249,249,323,323,343,355,270,270,127,164,184,184,211,6,32,42,42,63,63,134,197,217,217,241,69,69,69],"floor_reached":40,"playtime":3026,"items_purged":["Strike_G","Strike_G","Choke"],"score":911,"play_id":"96fe77cc-66ac-43ba-a42b-b73a48f428e6","local_time":"20220414164755","is_ascension_mode":true,"campfire_choices":[{"data":"Dagger Spray","floor":6,"key":"SMITH"},{"data":"Bane","floor":8,"key":"SMITH"},{"data":"Neutralize","floor":11,"key":"SMITH"},{"data":"Noxious Fumes","floor":15,"key":"SMITH"},{"data":"Well Laid Plans","floor":25,"key":"SMITH"},{"data":"Concentrate","floor":30,"key":"SMITH"},{"data":"Footwork","floor":32,"key":"SMITH"}],"neow_cost":"NONE","seed_source_timestamp":792589457857400,"circlet_count":0,"master_deck":["AscendersBane","Survivor","Neutralize+1","Deadly Poison+1","Reflex","Dagger Spray+1","Acrobatics","Acrobatics","Deadly Poison","Backflip","Noxious Fumes+1","Corpse Explosion","Acrobatics+1","Acrobatics+1","Grand Finale","Well Laid Plans+1","Escape Plan","Prepared","Leg Sweep+1","Concentrate+1","PiercingWail+1","Footwork+1","Blade Dance","Night Terror","Concentrate","Flechettes","Endless Agony","Die Die Die","Calculated Gamble"],"relics":["Ring of the Snake","NeowsBlessing","The Courier","Question Card","Eternal Feather","Coffee Dripper","CeramicFish","Orrery","Pen Nib","Membership Card","Pandora\u0027s Box","Gremlin Horn"],"potions_floor_usage":[13,14,28,29,35,40,40],"damage_taken":[{"damage":0,"enemies":"Small Slimes","floor":1,"turns":1},{"damage":0,"enemies":"Cultist","floor":3,"turns":1},{"damage":0,"enemies":"2 Louse","floor":4,"turns":1},{"damage":22,"enemies":"Large Slime","floor":7,"turns":7},{"damage":36,"enemies":"Gremlin Nob","floor":10,"turns":4},{"damage":4,"enemies":"3 Louse","floor":12,"turns":4},{"damage":17,"enemies":"3 Sentries","floor":13,"turns":5},{"damage":1,"enemies":"Exordium Wildlife","floor":14,"turns":4},{"damage":9,"enemies":"Hexaghost","floor":16,"turns":8},{"damage":7,"enemies":"Spheric Guardian","floor":18,"turns":4},{"damage":6,"enemies":"Chosen","floor":19,"turns":4},{"damage":30,"enemies":"Slavers","floor":23,"turns":3},{"damage":10,"enemies":"Snake Plant","floor":24,"turns":4},{"damage":0,"enemies":"Shelled Parasite and Fungi","floor":28,"turns":2},{"damage":14,"enemies":"Cultist and Chosen","floor":29,"turns":5},{"damage":0,"enemies":"Centurion and Healer","floor":31,"turns":2},{"damage":7,"enemies":"Champ","floor":33,"turns":11},{"damage":11,"enemies":"3 Shapes","floor":35,"turns":5},{"damage":23,"enemies":"3 Darklings","floor":37,"turns":3},{"damage":36,"enemies":"Nemesis","floor":40,"turns":4}],"seed_played":"-6428405101746660221","potions_obtained":[{"floor":7,"key":"FairyPotion"},{"floor":10,"key":"Strength Potion"},{"floor":12,"key":"BlessingOfTheForge"},{"floor":14,"key":"Swift Potion"},{"floor":19,"key":"DuplicationPotion"},{"floor":29,"key":"Strength Potion"},{"floor":31,"key":"Weak Potion"},{"floor":33,"key":"LiquidMemories"},{"floor":37,"key":"PowerPotion"}],"is_trial":false,"path_per_floor":["M","?","M","M","?","R","M","R","T","E","R","M","E","M","R","B",null,"M","M","?","?","$","E","M","R","T","$","M","M","R","M","R","B",null,"M","?","M","$","?","E"],"character_chosen":"THE_SILENT","items_purchased":["Orrery","Membership Card","Concentrate","Gremlin Horn"],"campfire_rested":0,"item_purchase_floors":[22,27,27,38],"current_hp_per_floor":[59,59,59,59,59,59,37,37,37,1,1,19,2,1,13,4,51,44,38,38,51,51,21,11,26,26,26,26,12,27,27,45,38,59,48,48,25,25,25,0],"gold":69,"neow_bonus":"THREE_ENEMY_KILL","is_prod":false,"is_daily":false,"chose_seed":false,"campfire_upgraded":7,"win_rate":0,"timestamp":1649969275,"path_taken":["M","?","?","?","?","R","M","R","T","E","R","M","E","M","R","BOSS","M","M","?","?","$","E","M","R","T","$","M","M","R","M","R","BOSS","M","?","M","$","?","E"],"build_version":"2022-03-07","purchased_purges":3,"victory":false,"max_hp_per_floor":[66,66,66,66,66,66,66,66,66,66,66,66,66,66,66,66,66,66,66,66,66,66,66,66,66,66,66,66,66,66,66,66,66,66,66,63,63,63,63,63],"relic_stats":{"Gremlin Horn":[0,0],"counters":[20,82],"CeramicFish":153,"Eternal Feather":60,"Pandora\u0027s Box":["Blade Dance","Night Terror","Concentrate","Flechettes","Endless Agony","Die Die Die","Choke"],"The Courier":407,"Pen Nib":[4],"Membership Card":407,"Question Card":19,"obtain_stats":[{"NeowsBlessing":0,"Gremlin Horn":38,"CeramicFish":20,"Orrery":22,"Eternal Feather":13,"Pandora\u0027s Box":34,"The Courier":9,"Pen Nib":23,"Coffee Dripper":17,"Membership Card":27,"Question Card":10,"Ring of the Snake":0},{"NeowsBlessing":0,"Gremlin Horn":19,"CeramicFish":11,"Orrery":11,"Eternal Feather":7,"Pandora\u0027s Box":17,"The Courier":4,"Pen Nib":12,"Coffee Dripper":9,"Membership Card":13,"Question Card":5,"Ring of the Snake":0},{"NeowsBlessing":0,"Gremlin Horn":78,"CeramicFish":43,"Orrery":43,"Eternal Feather":23,"Pandora\u0027s Box":70,"The Courier":10,"Pen Nib":46,"Coffee Dripper":35,"Membership Card":50,"Question Card":14,"Ring of the Snake":0}],"Ring of the Snake":[40]},"card_choices":[{"not_picked":["Quick Slash","Acrobatics"],"picked":"Deadly Poison","floor":1},{"not_picked":["Concentrate","Outmaneuver"],"picked":"Dagger Spray","floor":3},{"not_picked":["Dodge and Roll","Endless Agony"],"picked":"Acrobatics","floor":4},{"not_picked":["Outmaneuver","Choke"],"picked":"Bane","floor":7},{"not_picked":["Dagger Spray","Flying Knee"],"picked":"Acrobatics","floor":10},{"not_picked":["Cloak And Dagger","Quick Slash","Unload"],"picked":"Deadly Poison","floor":12},{"not_picked":["Footwork","Outmaneuver","Cloak And Dagger"],"picked":"Backflip","floor":13},{"not_picked":["Bane","Blur","Skewer"],"picked":"Noxious Fumes","floor":14},{"not_picked":["Night Terror","A Thousand Cuts","Grand Finale"],"picked":"Corpse Explosion","floor":16},{"not_picked":["Bane","Poisoned Stab","Cloak And Dagger","Dagger Spray"],"picked":"SKIP","floor":18},{"not_picked":["Bane","Riddle With Holes","Eviscerate"],"picked":"Acrobatics+1","floor":19},{"not_picked":["Finisher","Noxious Fumes","Heel Hook"],"picked":"Acrobatics+1","floor":22},{"not_picked":["Footwork","Dodge and Roll","Underhanded Strike"],"picked":"Grand Finale","floor":22},{"not_picked":["Calculated Gamble","Acrobatics","PiercingWail"],"picked":"Well Laid Plans","floor":22},{"not_picked":["Eviscerate","Dagger Spray","Blade Dance"],"picked":"Escape Plan","floor":22},{"not_picked":["Deflect","Flying Knee","Blade Dance+1"],"picked":"Prepared","floor":22},{"not_picked":["Deadly Poison","Skewer","Endless Agony"],"picked":"Leg Sweep+1","floor":23},{"not_picked":["Poisoned Stab","Endless Agony","Infinite Blades+1","Backflip"],"picked":"SKIP","floor":24},{"not_picked":["Blur","Dagger Throw","Masterful Stab"],"picked":"PiercingWail+1","floor":28},{"not_picked":["Sucker Punch+1","Predator","Slice"],"picked":"Footwork","floor":31},{"not_picked":["Bane","Accuracy+1","Slice","Heel Hook"],"picked":"SKIP","floor":35},{"not_picked":["Flying Knee","Outmaneuver+1","Bouncing Flask"],"picked":"Calculated Gamble","floor":37}],"player_experience":6674610,"relics_obtained":[{"floor":9,"key":"The Courier"},{"floor":10,"key":"Question Card"},{"floor":13,"key":"Eternal Feather"},{"floor":23,"key":"Pen Nib"}],"event_choices":[{"damage_healed":0,"gold_gain":0,"cards_transformed":["Strike_G"],"player_choice":"Transformed","damage_taken":0,"max_hp_gain":0,"max_hp_loss":0,"event_name":"Transmorgrifier","floor":2,"gold_loss":0,"cards_obtained":["Reflex"]},{"damage_healed":0,"gold_gain":0,"player_choice":"Grow","damage_taken":0,"max_hp_gain":0,"max_hp_loss":0,"event_name":"Living Wall","floor":5,"gold_loss":0,"cards_upgraded":["Deadly Poison"]},{"damage_healed":0,"gold_gain":0,"player_choice":"Obtained Relic","damage_taken":0,"relics_obtained":["CeramicFish"],"max_hp_gain":0,"max_hp_loss":0,"event_name":"Addict","floor":20,"gold_loss":85},{"damage_healed":13,"gold_gain":0,"player_choice":"Heal","damage_taken":0,"max_hp_gain":0,"max_hp_loss":0,"event_name":"The Library","floor":21,"gold_loss":0},{"damage_healed":0,"gold_gain":0,"player_choice":"Max HP","damage_taken":0,"max_hp_gain":0,"max_hp_loss":3,"event_name":"Winding Halls","floor":36,"gold_loss":0},{"cards_removed":["Bane"],"damage_healed":0,"gold_gain":0,"player_choice":"Removed Attack","damage_taken":0,"max_hp_gain":0,"max_hp_loss":0,"event_name":"Falling","floor":39,"gold_loss":0}],"is_beta":false,"boss_relics":[{"not_picked":["Ectoplasm","Cursed Key"],"picked":"Coffee Dripper"},{"not_picked":["SacredBark","Calling Bell"],"picked":"Pandora\u0027s Box"}],"items_purged_floors":[22,27,38],"is_endless":false,"potions_floor_spawned":[7,10,12,14,19,29,31,33,37],"killed_by":"Nemesis","ascension_level":20}