{"gold_per_floor":[114,14,27,27,37,37,48,48,48,48,8,8,23,50,50,125,125,125,65,65,65,65,65,65,65,65,65,65,65,65,65,65,65,65,65,65,65,65,65,65,65,65,65,65,65,65,65,65,65,65,65,65,65,9,9,9],"floor_reached":56,"playtime":5334,"items_purged":["Strike_G"],"score":2102,"play_id":"284ccd9e-6a6e-4a29-a24d-9479804ac80f","local_time":"20220408145112","is_ascension_mode":true,"campfire_choices":[{"data":"Skewer","floor":6,"key":"SMITH"},{"data":"Caltrops","floor":8,"key":"SMITH"},{"data":"Leg Sweep","floor":10,"key":"SMITH"},{"data":"Noxious Fumes","floor":15,"key":"SMITH"},{"data":"Wraith Form v2","floor":23,"key":"SMITH"},{"data":"Well Laid Plans","floor":29,"key":"SMITH"},{"data":"Noxious Fumes","floor":32,"key":"SMITH"},{"floor":46,"key":"RECALL"},{"floor":49,"key":"REST"},{"floor":53,"key":"REST"}],"neow_cost":"TEN_PERCENT_HP_LOSS","seed_source_timestamp":264895442174300,"circlet_count":0,"master_deck":["AscendersBane","Defend_G+1","Defend_G+1","Defend_G+1","Defend_G+1","Survivor+1","Neutralize","Leg Sweep+1","Caltrops+1","Skewer+1","Well Laid Plans+1","Dagger Spray","Noxious Fumes+1","Wraith Form v2+1","Noxious Fumes+1","Crippling Poison+1","Deflect+1","Backflip+1","Acrobatics+1","Adrenaline+1","PiercingWail+1","Caltrops+1","Skewer+1","Finisher","Blur+1","Prepared+1","Bullet Time+1","Acrobatics+1","Deadly Poison+1","Acrobatics+1","Night Terror+1"],"relics":["Ring of the Snake","Snake Skull","Mercury Hourglass","Ectoplasm","Akabeko","Red Mask","War Paint","Toxic Egg 2","Astrolabe","Incense Burner","Centennial Puzzle","White Beast Statue","Nunchaku"],"potions_floor_usage":[14,19,24,24,33,41,56,56],"damage_taken":[{"damage":0,"enemies":"Cultist","floor":1,"turns":5},{"damage":1,"enemies":"Jaw Worm","floor":3,"turns":8},{"damage":0,"enemies":"Small Slimes","floor":5,"turns":5},{"damage":0,"enemies":"2 Fungi Beasts","floor":7,"turns":2},{"damage":0,"enemies":"Looter","floor":11,"turns":4},{"damage":0,"enemies":"Red Slaver","floor":13,"turns":3},{"damage":4,"enemies":"3 Sentries","floor":14,"turns":7},{"damage":2,"enemies":"The Guardian","floor":16,"turns":9},{"damage":4,"enemies":"3 Byrds","floor":18,"turns":4},{"damage":20,"enemies":"2 Thieves","floor":19,"turns":4},{"damage":10,"enemies":"3 Cultists","floor":21,"turns":5},{"damage":10,"enemies":"Book of Stabbing","floor":24,"turns":5},{"damage":0,"enemies":"Masked Bandits","floor":25,"turns":4},{"damage":0,"enemies":"Gremlin Leader","floor":28,"turns":6},{"damage":1,"enemies":"Shelled Parasite and Fungi","floor":30,"turns":5},{"damage":10,"enemies":"Snecko","floor":31,"turns":5},{"damage":0,"enemies":"Automaton","floor":33,"turns":8},{"damage":2,"enemies":"3 Darklings","floor":35,"turns":4},{"damage":0,"enemies":"3 Shapes","floor":37,"turns":2},{"damage":4,"enemies":"Writhing Mass","floor":38,"turns":6},{"damage":0,"enemies":"Maw","floor":39,"turns":7},{"damage":0,"enemies":"Reptomancer","floor":40,"turns":7},{"damage":1,"enemies":"Transient","floor":41,"turns":6},{"damage":2,"enemies":"Writhing Mass","floor":42,"turns":6},{"damage":0,"enemies":"4 Shapes","floor":44,"turns":4},{"damage":0,"enemies":"Maw","floor":45,"turns":7},{"damage":0,"enemies":"Giant Head","floor":47,"turns":9},{"damage":24,"enemies":"Awakened One","floor":50,"turns":20},{"damage":5,"enemies":"Time Eater","floor":51,"turns":13},{"damage":4,"enemies":"Shield and Spear","floor":55,"turns":7},{"damage":64,"enemies":"The Heart","floor":56,"turns":3}],"seed_played":"7874513578527814487","potions_obtained":[{"floor":3,"key":"Regen Potion"},{"floor":5,"key":"Energy Potion"},{"floor":14,"key":"ColorlessPotion"},{"floor":21,"key":"Strength Potion"},{"floor":24,"key":"Energy Potion"},{"floor":25,"key":"BlessingOfTheForge"},{"floor":30,"key":"Swift Potion"},{"floor":31,"key":"Dexterity Potion"},{"floor":33,"key":"ColorlessPotion"},{"floor":42,"key":"Fire Potion"},{"floor":45,"key":"Poison Potion"},{"floor":55,"key":"PowerPotion"}],"is_trial":false,"path_per_floor":["M","$","M","$","M","R","M","R","T","R","M","T","M","E","R","B",null,"M","M","?","M","?","R","E","?","T","?","E","R","M","M","R","B",null,"M","?","M","M","M","E","M","M","T","M","M","R","E","?","R","B","B",null,"R","$","E","B"],"character_chosen":"THE_SILENT","items_purchased":["Slice","Swift Potion"],"campfire_rested":2,"item_purchase_floors":[2,54],"current_hp_per_floor":[59,59,58,58,58,58,58,58,58,58,58,58,58,54,54,52,58,54,34,34,24,24,24,29,29,29,41,41,41,40,30,30,30,53,51,51,51,47,47,47,46,44,44,44,44,44,44,44,60,36,31,53,60,60,56,0],"gold":9,"neow_bonus":"REMOVE_TWO","is_prod":false,"is_daily":false,"chose_seed":false,"campfire_upgraded":7,"win_rate":0,"timestamp":1649443872,"path_taken":["M","$","M","?","M","R","?","R","T","R","M","?","M","E","R","BOSS","M","M","?","M","?","R","E","?","T","?","E","R","M","M","R","BOSS","M","?","?","M","M","E","M","M","T","M","M","R","E","?","R","BOSS","BOSS","R","$","E","BOSS"],"build_version":"2022-03-07","purchased_purges":1,"victory":false,"max_hp_per_floor":[60,60,60,60,60,60,60,60,60,60,60,60,60,60,60,60,60,60,60,60,60,60,60,60,60,60,60,60,60,60,60,60,60,60,60,60,60,60,60,60,60,60,60,60,60,60,60,60,60,60,60,60,60,60,60,60],"relic_stats":{"Centennial Puzzle":[12],"Nunchaku":[0],"counters":[31,188],"Astrolabe":["PiercingWail","Caltrops","Skewer"],"Snake Skull":[202],"Ectoplasm":589,"War Paint":["Survivor"],"obtain_stats":[{"Astrolabe":34,"Snake Skull":12,"Incense Burner":40,"War Paint":26,"Akabeko":24,"White Beast Statue":47,"Mercury Hourglass":14,"Centennial Puzzle":43,"Nunchaku":55,"Ectoplasm":17,"Red Mask":25,"Toxic Egg 2":28,"Ring of the Snake":0},{"Astrolabe":17,"Snake Skull":5,"Incense Burner":22,"War Paint":13,"Akabeko":12,"White Beast Statue":27,"Mercury Hourglass":7,"Centennial Puzzle":24,"Nunchaku":30,"Ectoplasm":8,"Red Mask":13,"Toxic Egg 2":14,"Ring of the Snake":0},{"Astrolabe":89,"Snake Skull":24,"Incense Burner":114,"War Paint":65,"Akabeko":61,"White Beast Statue":146,"Mercury Hourglass":34,"Centennial Puzzle":126,"Nunchaku":185,"Ectoplasm":43,"Red Mask":65,"Toxic Egg 2":71,"Ring of the Snake":0}],"White Beast Statue":[0.0,0.0,0.0,0.4,0.0,0.6000000000000001,0.0,0.0,0.0,0.0,0.0,0.4],"Ring of the Snake":[62],"Mercury Hourglass":[620]},"card_choices":[{"not_picked":["PiercingWail","Dodge and Roll"],"picked":"Leg Sweep","floor":1},{"not_picked":["Accuracy","Poisoned Stab"],"picked":"Caltrops","floor":3},{"not_picked":["Flying Knee","Poisoned Stab"],"picked":"Skewer","floor":5},{"not_picked":["Dash","Underhanded Strike"],"picked":"Well Laid Plans","floor":7},{"not_picked":["Infinite Blades","Flying Knee"],"picked":"Dagger Spray","floor":11},{"not_picked":["Deflect","Slice"],"picked":"Noxious Fumes","floor":13},{"not_picked":["Night Terror","Quick Slash"],"picked":"Backstab","floor":14},{"not_picked":["A Thousand Cuts","Envenom"],"picked":"Wraith Form v2","floor":16},{"not_picked":["Underhanded Strike","Blade Dance","Slice"],"picked":"SKIP","floor":18},{"not_picked":["Dodge and Roll","Finisher+1","Deflect"],"picked":"SKIP","floor":19},{"not_picked":["Dagger Throw","Dodge and Roll"],"picked":"Crippling Poison+1","floor":24},{"not_picked":["Accuracy+1","Glass Knife"],"picked":"Deflect+1","floor":28},{"not_picked":["Crippling Poison+1","Prepared+1"],"picked":"Backflip+1","floor":30},{"not_picked":["Quick Slash","PiercingWail+1"],"picked":"Acrobatics+1","floor":31},{"not_picked":["Storm of Steel+1","Glass Knife"],"picked":"Adrenaline+1","floor":33},{"not_picked":["Finisher","Flying Knee","Poisoned Stab"],"picked":"SKIP","floor":35},{"not_picked":["Underhanded Strike","Poisoned Stab"],"picked":"Blur+1","floor":37},{"not_picked":["Quick Slash+1","Acrobatics+1"],"picked":"Prepared+1","floor":38},{"not_picked":["Backstab+1","Backflip+1"],"picked":"Bullet Time+1","floor":39},{"not_picked":["A Thousand Cuts","Outmaneuver+1"],"picked":"Acrobatics+1","floor":40},{"not_picked":["Dagger Spray","Blade Dance+1"],"picked":"Deadly Poison+1","floor":41},{"not_picked":["Quick Slash","Masterful Stab"],"picked":"Acrobatics+1","floor":42},{"not_picked":["Eviscerate","PiercingWail+1"],"picked":"Night Terror+1","floor":44},{"not_picked":["Quick Slash","Dodge and Roll+1","Distraction+1"],"picked":"SKIP","floor":45},{"not_picked":["Dodge and Roll+1","Distraction+1","Eviscerate+1"],"picked":"SKIP","floor":47},{"not_picked":["Escape Plan+1","Endless Agony","Accuracy"],"picked":"SKIP","floor":55}],"player_experience":6619353,"relics_obtained":[{"floor":12,"key":"Snake Skull"},{"floor":14,"key":"Mercury Hourglass"},{"floor":24,"key":"Akabeko"},{"floor":25,"key":"Red Mask"},{"floor":26,"key":"War Paint"},{"floor":28,"key":"Toxic Egg 2"},{"floor":40,"key":"Incense Burner"},{"floor":43,"key":"Centennial Puzzle"},{"floor":47,"key":"White Beast Statue"},{"floor":55,"key":"Nunchaku"}],"event_choices":[{"damage_healed":0,"gold_gain":0,"player_choice":"Simplicity","damage_taken":0,"max_hp_gain":0,"max_hp_loss":0,"event_name":"Back to Basics","floor":20,"gold_loss":0,"cards_upgraded":["Strike_G","Strike_G","Strike_G","Defend_G","Defend_G","Defend_G","Defend_G"]},{"damage_healed":0,"gold_gain":0,"cards_transformed":["Strike_G","Strike_G"],"player_choice":"Became Test Subject","damage_taken":0,"max_hp_gain":0,"max_hp_loss":0,"event_name":"Drug Dealer","floor":22,"gold_loss":0,"cards_obtained":["Noxious Fumes","Underhanded Strike"]},{"damage_healed":0,"gold_gain":0,"player_choice":"Fought Bandits","damage_taken":0,"max_hp_gain":0,"max_hp_loss":0,"event_name":"Masked Bandits","floor":25,"gold_loss":0},{"damage_healed":12,"gold_gain":0,"player_choice":"Heal","damage_taken":0,"max_hp_gain":0,"max_hp_loss":0,"event_name":"The Library","floor":27,"gold_loss":0},{"damage_healed":0,"gold_gain":0,"cards_transformed":["Backstab"],"player_choice":"Transformed","damage_taken":0,"max_hp_gain":0,"max_hp_loss":0,"event_name":"Transmorgrifier","floor":36,"gold_loss":0,"cards_obtained":["Finisher"]},{"damage_healed":0,"gold_gain":0,"player_choice":"Ignored","damage_taken":0,"max_hp_gain":0,"max_hp_loss":0,"event_name":"Golden Shrine","floor":48,"gold_loss":0}],"is_beta":false,"boss_relics":[{"not_picked":["HoveringKite","Tiny House"],"picked":"Ectoplasm"},{"not_picked":["Black Star","SacredBark"],"picked":"Astrolabe"}],"items_purged_floors":[2],"is_endless":false,"potions_floor_spawned":[3,5,13,14,21,24,25,30,31,33,35,42,45,55],"killed_by":"The Heart","ascension_level":20}