{"gold_per_floor":[112,124,124,143,117,117,42,42,66,96,110,110,110,144,144,237,237,262,285,285,298,9,9,47,47,47,74,107,244,290,323,335,440,452,480,492,504,226,226,226,76,117,117,140,183,153,484,520,520,520,520,520,520,0,0],"floor_reached":55,"playtime":5060,"items_purged":["Pain","Strike_G","Strike_G","Strike_G"],"score":2048,"play_id":"8396e8a9-2fc4-4c28-b37b-b163269609a7","local_time":"20220414153257","is_ascension_mode":true,"campfire_choices":[{"data":"Dagger Spray","floor":6,"key":"SMITH"},{"data":"Terror","floor":8,"key":"SMITH"},{"data":"Predator","floor":12,"key":"SMITH"},{"data":"Leg Sweep","floor":15,"key":"SMITH"},{"data":"Malaise","floor":23,"key":"SMITH"},{"data":"Prepared","floor":25,"key":"SMITH"},{"data":"Prepared","floor":32,"key":"SMITH"},{"data":"Panache","floor":40,"key":"SMITH"},{"floor":49,"key":"RECALL"},{"floor":53,"key":"REST"}],"neow_cost":"NONE","seed_source_timestamp":786053920309200,"circlet_count":0,"master_deck":["AscendersBane","Defend_G","Defend_G","Defend_G","Defend_G","Defend_G","Neutralize+1","Leg Sweep+1","Terror+1","Underhanded Strike","Dagger Spray+1","Predator+1","PiercingWail+1","Malaise+1","Prepared+1","Prepared+1","Reflex+1","Acrobatics","Deflect","Distraction+1","Reflex+1","Blade Dance","Storm of Steel","Dark Shackles","Secret Weapon","Panache+1","Cloak And Dagger","Backflip","Quick Slash+1","Calculated Gamble+1","Caltrops","Heel Hook"],"relics":["Ring of the Snake","WarpedTongs","Strawberry","Kunai","Golden Idol","Pear","HoveringKite","ClockworkSouvenir","Anchor","MawBank","Darkstone Periapt","Mango","Juzu Bracelet","Empty Cage","War Paint","Gambling Chip","Pen Nib","Old Coin","Blood Vial","Ornamental Fan"],"potions_floor_usage":[10,14,18,24,30,33,51],"damage_taken":[{"damage":15,"enemies":"Jaw Worm","floor":1,"turns":9},{"damage":3,"enemies":"Cultist","floor":2,"turns":5},{"damage":1,"enemies":"2 Louse","floor":4,"turns":3},{"damage":9,"enemies":"3 Sentries","floor":10,"turns":7},{"damage":2,"enemies":"Gremlin Gang","floor":11,"turns":4},{"damage":0,"enemies":"Lagavulin","floor":14,"turns":4},{"damage":21,"enemies":"The Guardian","floor":16,"turns":13},{"damage":10,"enemies":"Spheric Guardian","floor":18,"turns":13},{"damage":4,"enemies":"Chosen","floor":19,"turns":7},{"damage":3,"enemies":"Snake Plant","floor":21,"turns":6},{"damage":8,"enemies":"Slavers","floor":24,"turns":5},{"damage":1,"enemies":"Shelled Parasite and Fungi","floor":27,"turns":6},{"damage":0,"enemies":"Snecko","floor":28,"turns":5},{"damage":1,"enemies":"Colosseum Slavers","floor":29,"turns":4},{"damage":14,"enemies":"Colosseum Nobs","floor":29,"turns":5},{"damage":2,"enemies":"Gremlin Leader","floor":30,"turns":5},{"damage":0,"enemies":"Centurion and Healer","floor":31,"turns":5},{"damage":29,"enemies":"Champ","floor":33,"turns":21},{"damage":0,"enemies":"Orb Walker","floor":35,"turns":4},{"damage":0,"enemies":"Nemesis","floor":42,"turns":7},{"damage":0,"enemies":"3 Darklings","floor":44,"turns":2},{"damage":1,"enemies":"Giant Head","floor":45,"turns":6},{"damage":0,"enemies":"Mind Bloom Boss Battle","floor":47,"turns":5},{"damage":6,"enemies":"Nemesis","floor":48,"turns":5},{"damage":12,"enemies":"Awakened One","floor":50,"turns":20},{"damage":70,"enemies":"Time Eater","floor":51,"turns":16},{"damage":92,"enemies":"Shield and Spear","floor":55,"turns":6}],"seed_played":"-3766077051754961628","potions_obtained":[{"floor":4,"key":"SkillPotion"},{"floor":10,"key":"FairyPotion"},{"floor":11,"key":"SkillPotion"},{"floor":14,"key":"Regen Potion"},{"floor":18,"key":"SteroidPotion"},{"floor":29,"key":"Fire Potion"},{"floor":30,"key":"AttackPotion"},{"floor":35,"key":"Swift Potion"},{"floor":46,"key":"FairyPotion"}],"is_trial":false,"path_per_floor":["M","M","?","M","$","R","$","R","T","E","M","R","?","E","R","B",null,"M","M","?","M","$","R","E","R","T","M","M","?","E","M","R","B",null,"M","?","?","$","?","R","$","E","T","M","E","?","?","E","R","B","B",null,"R","$","E"],"character_chosen":"THE_SILENT","items_purchased":["Dagger Spray","ClockworkSouvenir","Acrobatics","War Paint","Ornamental Fan","Caltrops","Dexterity Potion","Explosive Potion","Heel Hook"],"campfire_rested":1,"item_purchase_floors":[5,22,22,38,54,54,54,54,54],"current_hp_per_floor":[44,41,41,40,40,40,40,40,47,38,36,36,36,46,46,25,63,68,64,64,61,61,61,53,53,53,52,52,51,49,49,49,20,73,73,60,60,60,50,50,50,50,50,50,49,49,49,43,43,33,11,70,90,90,0],"gold":0,"neow_bonus":"UPGRADE_CARD","is_prod":false,"is_daily":false,"chose_seed":false,"campfire_upgraded":8,"win_rate":0,"timestamp":1649964777,"path_taken":["M","M","?","M","?","R","$","R","T","E","?","R","?","E","R","BOSS","M","M","?","M","$","R","E","R","T","M","M","?","E","M","R","BOSS","M","?","?","$","?","R","$","E","T","M","E","?","?","E","R","BOSS","BOSS","R","$","E"],"build_version":"2022-03-07","purchased_purges":4,"victory":false,"max_hp_per_floor":[66,66,66,66,66,66,66,66,73,73,73,73,66,76,76,76,76,76,76,76,76,76,76,76,76,76,76,76,90,90,90,90,90,90,90,90,90,90,90,90,90,90,90,90,90,90,90,90,90,90,90,90,90,90,90],"relic_stats":{"Darkstone Periapt":0,"counters":[27,198],"Golden Idol":185,"HoveringKite":[89],"Pen Nib":[18],"Juzu Bracelet":2,"War Paint":["PiercingWail","Reflex"],"MawBank":144,"WarpedTongs":[165],"Blood Vial":4,"Ornamental Fan":[16],"Gambling Chip":[25],"Kunai":[110],"obtain_stats":[{"Darkstone Periapt":29,"Pear":14,"Golden Idol":13,"HoveringKite":17,"Mango":29,"Pen Nib":45,"Juzu Bracelet":30,"War Paint":38,"MawBank":26,"Empty Cage":34,"WarpedTongs":3,"ClockworkSouvenir":22,"Old Coin":47,"Blood Vial":48,"Anchor":24,"Ornamental Fan":54,"Strawberry":9,"Gambling Chip":42,"Kunai":10,"Ring of the Snake":0},{"Darkstone Periapt":15,"Pear":6,"Golden Idol":5,"HoveringKite":7,"Mango":15,"Pen Nib":22,"Juzu Bracelet":16,"War Paint":19,"MawBank":11,"Empty Cage":18,"WarpedTongs":2,"ClockworkSouvenir":10,"Old Coin":23,"Blood Vial":24,"Anchor":11,"Ornamental Fan":26,"Strawberry":3,"Gambling Chip":20,"Kunai":4,"Ring of the Snake":0},{"Darkstone Periapt":96,"Pear":32,"Golden Idol":28,"HoveringKite":45,"Mango":96,"Pen Nib":146,"Juzu Bracelet":101,"War Paint":131,"MawBank":76,"Empty Cage":127,"WarpedTongs":14,"ClockworkSouvenir":71,"Old Coin":151,"Blood Vial":156,"Anchor":76,"Ornamental Fan":192,"Strawberry":17,"Gambling Chip":138,"Kunai":24,"Ring of the Snake":0}],"Ring of the Snake":[54]},"card_choices":[{"not_picked":["Bane","Concentrate"],"picked":"Leg Sweep","floor":1},{"not_picked":["Deflect","PiercingWail"],"picked":"Terror","floor":2},{"not_picked":["Prepared","Dodge and Roll"],"picked":"Underhanded Strike","floor":4},{"not_picked":["PiercingWail","Terror"],"picked":"Predator","floor":10},{"not_picked":["Underhanded Strike","Dagger Spray"],"picked":"PiercingWail","floor":11},{"not_picked":["Terror","Infinite Blades","Night Terror"],"picked":"SKIP","floor":14},{"not_picked":["Phantasmal Killer","Wraith Form v2"],"picked":"Malaise","floor":16},{"not_picked":["Terror","Deflect"],"picked":"Prepared","floor":18},{"not_picked":["Leg Sweep","Poisoned Stab"],"picked":"Prepared","floor":19},{"not_picked":["Cloak And Dagger","Heel Hook"],"picked":"Reflex+1","floor":21},{"not_picked":["Backflip","Bane"],"picked":"Deflect","floor":24},{"not_picked":["Sucker Punch","Slice"],"picked":"Distraction+1","floor":27},{"not_picked":["Infinite Blades","Leg Sweep"],"picked":"Reflex","floor":28},{"not_picked":["Acrobatics","Eviscerate"],"picked":"Blade Dance","floor":31},{"not_picked":["Glass Knife","Die Die Die"],"picked":"Storm of Steel","floor":33},{"not_picked":["Crippling Poison+1","Poisoned Stab","Dash"],"picked":"SKIP","floor":35},{"not_picked":["Swift Strike","Panacea"],"picked":"Dark Shackles","floor":39},{"not_picked":["Purity","Panacea"],"picked":"Secret Weapon","floor":39},{"not_picked":["Dramatic Entrance","Secret Weapon"],"picked":"Panache","floor":39},{"not_picked":["Quick Slash","Sucker Punch"],"picked":"Cloak And Dagger","floor":42},{"not_picked":["Poisoned Stab","Concentrate","Slice"],"picked":"SKIP","floor":44},{"not_picked":["Predator","Quick Slash"],"picked":"Backflip","floor":45},{"not_picked":["Prepared","Heel Hook"],"picked":"Quick Slash+1","floor":47},{"not_picked":["Outmaneuver","Catalyst"],"picked":"Calculated Gamble+1","floor":48}],"player_experience":6668650,"relics_obtained":[{"floor":9,"key":"Strawberry"},{"floor":10,"key":"Kunai"},{"floor":14,"key":"Pear"},{"floor":24,"key":"Anchor"},{"floor":26,"key":"MawBank"},{"floor":29,"key":"Darkstone Periapt"},{"floor":29,"key":"Mango"},{"floor":30,"key":"Juzu Bracelet"},{"floor":42,"key":"Gambling Chip"},{"floor":45,"key":"Pen Nib"},{"floor":47,"key":"Old Coin"},{"floor":48,"key":"Blood Vial"}],"event_choices":[{"damage_healed":0,"gold_gain":0,"player_choice":"Rummage","damage_taken":0,"relics_obtained":["WarpedTongs"],"max_hp_gain":0,"max_hp_loss":0,"event_name":"Accursed Blacksmith","floor":3,"gold_loss":0,"cards_obtained":["Pain"]},{"damage_healed":0,"gold_gain":0,"player_choice":"Lose Max HP","damage_taken":0,"relics_obtained":["Golden Idol"],"max_hp_gain":0,"max_hp_loss":7,"event_name":"Golden Idol","floor":13,"gold_loss":0},{"damage_healed":0,"gold_gain":0,"player_choice":"Ignored","damage_taken":0,"max_hp_gain":0,"max_hp_loss":0,"event_name":"Ghosts","floor":20,"gold_loss":0},{"damage_healed":0,"gold_gain":0,"player_choice":"Fight","damage_taken":0,"max_hp_gain":0,"max_hp_loss":0,"event_name":"Colosseum","floor":29,"gold_loss":0},{"damage_healed":0,"gold_gain":0,"player_choice":"Fought Nobs","damage_taken":0,"max_hp_gain":0,"max_hp_loss":0,"event_name":"Colosseum","floor":29,"gold_loss":0},{"damage_healed":0,"gold_gain":0,"player_choice":"Damaged","damage_taken":13,"max_hp_gain":0,"max_hp_loss":0,"event_name":"Wheel of Change","floor":36,"gold_loss":0},{"cards_removed":["Survivor"],"damage_healed":0,"gold_gain":0,"player_choice":"Removed Skill","damage_taken":0,"max_hp_gain":0,"max_hp_loss":0,"event_name":"Falling","floor":37,"gold_loss":0},{"damage_healed":0,"gold_gain":0,"player_choice":"Memory 3","damage_taken":10,"max_hp_gain":0,"max_hp_loss":0,"event_name":"SensoryStone","floor":39,"gold_loss":0},{"damage_healed":0,"gold_gain":0,"player_choice":"Bought 2 Potions","damage_taken":0,"max_hp_gain":0,"max_hp_loss":0,"event_name":"The Woman in Blue","floor":46,"gold_loss":0},{"damage_healed":0,"gold_gain":0,"player_choice":"Fight","damage_taken":0,"max_hp_gain":0,"max_hp_loss":0,"event_name":"MindBloom","floor":47,"gold_loss":0}],"is_beta":false,"boss_relics":[{"not_picked":["Ring of the Serpent","WristBlade"],"picked":"HoveringKite"},{"not_picked":["SlaversCollar","Coffee Dripper"],"picked":"Empty Cage"}],"items_purged_floors":[7,22,38,41],"is_endless":false,"potions_floor_spawned":[4,10,11,14,18,21,29,30,35,42,47],"killed_by":"Shield and Spear","ascension_level":20}