{"gold_per_floor":[115,125,143,153,164,164,192,192,192,192],"floor_reached":10,"playtime":900,"items_purged":[],"score":140,"play_id":"e143a343-3f11-4105-a33c-dce25cd78f8f","local_time":"20220414155704","is_ascension_mode":true,"campfire_choices":[{"data":"Bane","floor":6,"key":"SMITH"},{"floor":8,"key":"REST"}],"neow_cost":"TEN_PERCENT_HP_LOSS","seed_source_timestamp":791664495818900,"circlet_count":0,"master_deck":["AscendersBane","Strike_G","Strike_G","Strike_G","Strike_G","Defend_G","Defend_G","Defend_G","Defend_G","Survivor","Neutralize","Sucker Punch","Underhanded Strike","Deadly Poison","Blade Dance","Tools of the Trade","Bane+1","Well Laid Plans"],"relics":["Ring of the Snake","Pen Nib"],"potions_floor_usage":[7,10],"damage_taken":[{"damage":0,"enemies":"Cultist","floor":1,"turns":4},{"damage":7,"enemies":"Small Slimes","floor":2,"turns":3},{"damage":4,"enemies":"2 Louse","floor":3,"turns":2},{"damage":3,"enemies":"Looter","floor":4,"turns":3},{"damage":0,"enemies":"Red Slaver","floor":5,"turns":3},{"damage":26,"enemies":"Gremlin Nob","floor":7,"turns":4},{"damage":39,"enemies":"3 Sentries","floor":10,"turns":9}],"seed_played":"1778189760370908663","potions_obtained":[{"floor":5,"key":"Energy Potion"},{"floor":7,"key":"ColorlessPotion"}],"is_trial":false,"path_per_floor":["M","M","M","M","M","R","E","R","T","E"],"character_chosen":"THE_SILENT","items_purchased":[],"campfire_rested":1,"item_purchase_floors":[],"current_hp_per_floor":[59,52,48,45,45,45,19,37,37,0],"gold":192,"neow_bonus":"TRANSFORM_TWO_CARDS","is_prod":false,"is_daily":false,"chose_seed":false,"campfire_upgraded":1,"win_rate":0,"timestamp":1649966224,"path_taken":["M","M","M","M","M","R","E","R","T","E"],"build_version":"2022-03-07","purchased_purges":0,"victory":false,"max_hp_per_floor":[60,60,60,60,60,60,60,60,60,60],"relic_stats":{"counters":[7,28],"Pen Nib":[1],"obtain_stats":[{"Pen Nib":7,"Ring of the Snake":0},{"Pen Nib":6,"Ring of the Snake":0},{"Pen Nib":19,"Ring of the Snake":0}],"Ring of the Snake":[14]},"card_choices":[{"not_picked":["Quick Slash","Bane"],"picked":"Deadly Poison","floor":1},{"not_picked":["Dodge and Roll","Bane"],"picked":"Blade Dance","floor":2},{"not_picked":["Riddle With Holes","Backflip"],"picked":"Tools of the Trade","floor":3},{"not_picked":["Quick Slash","Dagger Spray"],"picked":"Bane","floor":4},{"not_picked":["Footwork","Dagger Throw","Backflip"],"picked":"SKIP","floor":5},{"not_picked":["Flying Knee","Masterful Stab"],"picked":"Well Laid Plans","floor":7}],"player_experience":6673710,"relics_obtained":[{"floor":7,"key":"Pen Nib"}],"event_choices":[],"is_beta":false,"boss_relics":[],"items_purged_floors":[],"is_endless":false,"potions_floor_spawned":[5,7],"killed_by":"3 Sentries","ascension_level":20}