{"gold_per_floor":[117,117,134,147,64,64,77,87,111,111,141,151,186,199,199,276,276,287,297,316,44,56,56,91,47,72,72,72,52,52,62,62,137,137,150,168,8,24,24,24,56,56,82,82,99,132,37,55,55,55,55,55,55,17,52,52],"floor_reached":57,"playtime":6160,"items_purged":["All Out Attack"],"score":2813,"play_id":"bc6e98eb-0d41-488f-b65a-10c24c9d27ea","local_time":"20220419171812","is_ascension_mode":true,"campfire_choices":[{"data":"Neutralize","floor":6,"key":"SMITH"},{"data":"Skewer","floor":10,"key":"SMITH"},{"data":"Bouncing Flask","floor":15,"key":"SMITH"},{"data":"Wraith Form v2","floor":23,"key":"SMITH"},{"data":"Well Laid Plans","floor":27,"key":"SMITH"},{"data":"Footwork","floor":30,"key":"SMITH"},{"data":"Deadly Poison","floor":32,"key":"SMITH"},{"data":"Burst","floor":40,"key":"SMITH"},{"floor":42,"key":"RECALL"},{"data":"Footwork","floor":44,"key":"SMITH"},{"floor":49,"key":"REST"},{"data":"Caltrops","floor":53,"key":"SMITH"}],"neow_cost":"NONE","seed_source_timestamp":1223244523807500,"circlet_count":0,"master_deck":["AscendersBane","Survivor","Neutralize+1","Footwork+1","Deflect","Heel Hook","Slice","Skewer+1","Deadly Poison+1","Caltrops+1","Bouncing Flask+1","Wraith Form v2+1","Dash","Leg Sweep","Dash","Footwork+1","Sucker Punch","Flying Knee","After Image","PiercingWail","PiercingWail","Crippling Poison+1","Heel Hook","Backflip","Well Laid Plans+1","Burst+1","Deflect","Backflip","Finesse","Dodge and Roll+1","Expertise+1","Acrobatics+1","Bullet Time+1","Crippling Poison+1"],"relics":["Ring of the Snake","Pen Nib","PreservedInsect","Strawberry","Matryoshka","Pandora\u0027s Box","Membership Card","Toy Ornithopter","Mango","Akabeko","Centennial Puzzle","SlaversCollar","TwistedFunnel","Mercury Hourglass","Toxic Egg 2","Gremlin Horn","Pantograph"],"potions_floor_usage":[7,19,24,31,48,55],"damage_taken":[{"damage":0,"enemies":"2 Louse","floor":1,"turns":4},{"damage":0,"enemies":"Cultist","floor":3,"turns":4},{"damage":0,"enemies":"Jaw Worm","floor":4,"turns":6},{"damage":5,"enemies":"Exordium Thugs","floor":7,"turns":4},{"damage":0,"enemies":"Exordium Wildlife","floor":8,"turns":3},{"damage":0,"enemies":"Lagavulin","floor":11,"turns":4},{"damage":3,"enemies":"Red Slaver","floor":12,"turns":6},{"damage":0,"enemies":"Gremlin Nob","floor":13,"turns":2},{"damage":8,"enemies":"Lots of Slimes","floor":14,"turns":6},{"damage":26,"enemies":"Hexaghost","floor":16,"turns":8},{"damage":10,"enemies":"3 Byrds","floor":18,"turns":7},{"damage":1,"enemies":"Chosen","floor":19,"turns":5},{"damage":21,"enemies":"Snake Plant","floor":20,"turns":3},{"damage":17,"enemies":"Shelled Parasite and Fungi","floor":22,"turns":7},{"damage":6,"enemies":"Book of Stabbing","floor":24,"turns":5},{"damage":0,"enemies":"Centurion and Healer","floor":31,"turns":10},{"damage":15,"enemies":"Champ","floor":33,"turns":14},{"damage":3,"enemies":"Orb Walker","floor":35,"turns":4},{"damage":0,"enemies":"3 Shapes","floor":36,"turns":7},{"damage":5,"enemies":"Jaw Worm Horde","floor":38,"turns":6},{"damage":9,"enemies":"Reptomancer","floor":41,"turns":5},{"damage":11,"enemies":"3 Darklings","floor":45,"turns":8},{"damage":3,"enemies":"Nemesis","floor":46,"turns":7},{"damage":0,"enemies":"Sphere and 2 Shapes","floor":48,"turns":5},{"damage":17,"enemies":"Awakened One","floor":50,"turns":19},{"damage":0,"enemies":"Donu and Deca","floor":51,"turns":9},{"damage":12,"enemies":"Shield and Spear","floor":55,"turns":5},{"damage":84,"enemies":"The Heart","floor":56,"turns":12}],"seed_played":"-1328006979413694523","potions_obtained":[{"floor":1,"key":"Weak Potion"},{"floor":7,"key":"FairyPotion"},{"floor":11,"key":"Weak Potion"},{"floor":13,"key":"EntropicBrew"},{"floor":19,"key":"Explosive Potion"},{"floor":24,"key":"Energy Potion"},{"floor":41,"key":"FearPotion"},{"floor":46,"key":"EntropicBrew"}],"is_trial":false,"path_per_floor":["M","?","M","M","$","R","M","M","T","R","E","M","E","M","R","B",null,"M","M","M","$","M","R","E","$","T","R","?","?","R","M","R","B",null,"M","M","$","M","?","R","E","R","T","R","M","E","$","M","R","B","B",null,"R","$","E","B",null],"character_chosen":"THE_SILENT","items_purchased":["Slice","AttackPotion","Membership Card","Toy Ornithopter","Backflip","Well Laid Plans","TwistedFunnel","Backflip","Finesse","Acrobatics+1","Bullet Time+1"],"campfire_rested":1,"item_purchase_floors":[5,5,21,21,21,25,37,37,37,47,47],"current_hp_per_floor":[59,59,59,59,59,59,54,54,54,54,61,58,58,50,50,24,61,51,50,29,29,12,12,25,25,25,25,25,25,25,30,30,15,69,66,66,66,61,48,48,39,39,39,39,28,25,25,30,56,39,39,75,75,75,68,3],"gold":52,"neow_bonus":"REMOVE_CARD","is_prod":false,"is_daily":false,"chose_seed":false,"campfire_upgraded":10,"win_rate":0,"timestamp":1650403092,"path_taken":["M","?","M","M","$","R","M","M","T","R","E","?","E","M","R","BOSS","M","M","M","$","M","R","E","$","T","R","?","?","R","M","R","BOSS","M","M","$","?","?","R","E","R","T","R","M","E","?","?","R","BOSS","BOSS","R","$","E","BOSS"],"build_version":"2022-03-07","purchased_purges":1,"victory":true,"max_hp_per_floor":[66,66,66,66,66,66,66,66,66,66,73,73,73,73,73,73,73,73,73,73,73,73,73,87,87,87,87,87,87,87,87,87,87,87,87,87,87,87,87,87,87,87,87,87,87,87,87,87,87,87,87,87,87,87,87,87],"relic_stats":{"Gremlin Horn":[7,7],"counters":[28,185],"Pen Nib":[30],"PreservedInsect":282,"Mercury Hourglass":[213],"Centennial Puzzle":[27],"Matryoshka":2,"Pantograph":19,"Pandora\u0027s Box":["Dash","Leg Sweep","Dash","All Out Attack","Footwork","Sucker Punch","Flying Knee","After Image","PiercingWail"],"Membership Card":443,"obtain_stats":[{"TwistedFunnel":37,"Gremlin Horn":46,"Mango":24,"Pen Nib":2,"PreservedInsect":9,"Akabeko":26,"Mercury Hourglass":41,"SlaversCollar":34,"Centennial Puzzle":26,"Matryoshka":13,"Strawberry":11,"Pantograph":55,"Pandora\u0027s Box":17,"Membership Card":21,"Toxic Egg 2":43,"Toy Ornithopter":21,"Ring of the Snake":0},{"TwistedFunnel":19,"Gremlin Horn":23,"Mango":15,"Pen Nib":1,"PreservedInsect":5,"Akabeko":15,"Mercury Hourglass":21,"SlaversCollar":17,"Centennial Puzzle":15,"Matryoshka":8,"Strawberry":6,"Pantograph":27,"Pandora\u0027s Box":10,"Membership Card":13,"Toxic Egg 2":21,"Toy Ornithopter":13,"Ring of the Snake":0},{"TwistedFunnel":109,"Gremlin Horn":135,"Mango":74,"Pen Nib":4,"PreservedInsect":21,"Akabeko":74,"Mercury Hourglass":120,"SlaversCollar":98,"Centennial Puzzle":74,"Matryoshka":33,"Strawberry":25,"Pantograph":173,"Pandora\u0027s Box":47,"Membership Card":62,"Toxic Egg 2":120,"Toy Ornithopter":62,"Ring of the Snake":0}],"Toy Ornithopter":20,"Ring of the Snake":[56]},"card_choices":[{"not_picked":["Concentrate","Sucker Punch"],"picked":"Footwork","floor":1},{"not_picked":["Riddle With Holes","Bane"],"picked":"Deflect","floor":3},{"not_picked":["Finisher","Bane"],"picked":"Heel Hook","floor":4},{"not_picked":["Flechettes","Deadly Poison"],"picked":"Skewer","floor":7},{"not_picked":["Accuracy","Setup","Dodge and Roll"],"picked":"SKIP","floor":8},{"not_picked":["Flying Knee","Choke"],"picked":"Deadly Poison","floor":11},{"not_picked":["Blade Dance","Quick Slash","Tactician"],"picked":"SKIP","floor":12},{"not_picked":["Flechettes","Masterful Stab"],"picked":"Caltrops","floor":13},{"not_picked":["Deadly Poison","Quick Slash"],"picked":"Bouncing Flask","floor":14},{"not_picked":["Grand Finale","Burst"],"picked":"Wraith Form v2","floor":16},{"not_picked":["Slice","Flechettes"],"picked":"PiercingWail","floor":18},{"not_picked":["Skewer","Dash"],"picked":"Crippling Poison+1","floor":19},{"not_picked":["Caltrops","Dodge and Roll"],"picked":"Heel Hook","floor":20},{"not_picked":["Riddle With Holes","Dagger Throw","Dagger Spray"],"picked":"SKIP","floor":22},{"not_picked":["Riddle With Holes","Dagger Throw","Dagger Spray"],"picked":"SKIP","floor":22},{"not_picked":["Sucker Punch","Deadly Poison","Reflex"],"picked":"SKIP","floor":24},{"not_picked":["Sucker Punch","Deadly Poison","Reflex"],"picked":"SKIP","floor":24},{"not_picked":["Well Laid Plans","Quick Slash","Bane"],"picked":"SKIP","floor":31},{"not_picked":["Tools of the Trade","Unload"],"picked":"Burst","floor":33},{"not_picked":["Dagger Throw","Footwork"],"picked":"Deflect","floor":35},{"not_picked":["Prepared","Underhanded Strike","Sucker Punch"],"picked":"SKIP","floor":36},{"not_picked":["Prepared","Underhanded Strike","Sucker Punch"],"picked":"SKIP","floor":36},{"not_picked":["Distraction","Poisoned Stab+1","Cloak And Dagger"],"picked":"SKIP","floor":38},{"not_picked":["Blade Dance","Sucker Punch","Bouncing Flask"],"picked":"SKIP","floor":41},{"not_picked":["Blade Dance","Sucker Punch","Bouncing Flask"],"picked":"SKIP","floor":41},{"not_picked":["Blade Dance+1","Sucker Punch+1"],"picked":"Dodge and Roll+1","floor":45},{"not_picked":["Accuracy+1","Poisoned Stab"],"picked":"Expertise+1","floor":46},{"not_picked":["Slice","Underhanded Strike+1"],"picked":"Crippling Poison+1","floor":48},{"not_picked":["Eviscerate+1","Predator+1","Storm of Steel+1"],"picked":"SKIP","floor":55}],"player_experience":6707021,"relics_obtained":[{"floor":9,"key":"PreservedInsect"},{"floor":11,"key":"Strawberry"},{"floor":13,"key":"Matryoshka"},{"floor":24,"key":"Mango"},{"floor":26,"key":"Akabeko"},{"floor":26,"key":"Centennial Puzzle"},{"floor":41,"key":"Mercury Hourglass"},{"floor":43,"key":"Toxic Egg 2"},{"floor":46,"key":"Gremlin Horn"},{"floor":55,"key":"Pantograph"}],"event_choices":[{"damage_healed":0,"gold_gain":0,"player_choice":"Gave Potion","damage_taken":0,"relics_obtained":["Pen Nib"],"max_hp_gain":0,"max_hp_loss":0,"event_name":"WeMeetAgain","floor":2,"gold_loss":0},{"damage_healed":0,"gold_gain":0,"player_choice":"Ignored","damage_taken":0,"max_hp_gain":0,"max_hp_loss":0,"event_name":"The Mausoleum","floor":28,"gold_loss":0},{"damage_healed":0,"gold_gain":0,"player_choice":"Bought 1 Potion","damage_taken":0,"max_hp_gain":0,"max_hp_loss":0,"event_name":"The Woman in Blue","floor":29,"gold_loss":0},{"damage_healed":0,"gold_gain":0,"player_choice":"Damaged","damage_taken":13,"max_hp_gain":0,"max_hp_loss":0,"event_name":"Wheel of Change","floor":39,"gold_loss":0}],"is_beta":false,"boss_relics":[{"not_picked":["Black Star","Tiny House"],"picked":"Pandora\u0027s Box"},{"not_picked":["Runic Pyramid","Ring of the Serpent"],"picked":"SlaversCollar"}],"items_purged_floors":[54],"is_endless":false,"potions_floor_spawned":[1,7,11,13,16,19,20,24,41,46,48],"ascension_level":20}