{"gold_per_floor":[12,32,43,62,77,77,95,124,124,152,152,117,127,161,161,237,237,253,124,39,51,65,90,90,116,116,116,143,159,159,194,194,268,268,288,288,336,336,346,346,381,397,445,345,371,383,420,463,475,487,499,511,523,29,60,60],"floor_reached":56,"playtime":4568,"items_purged":["Strike_G","Defend_G","Defend_G"],"score":2666,"play_id":"26ff7af3-d570-4282-b754-ce3adaafd477","local_time":"20220428193346","is_ascension_mode":true,"campfire_choices":[{"data":"Blade Dance","floor":6,"key":"SMITH"},{"data":"Well Laid Plans","floor":11,"key":"SMITH"},{"data":"Finisher","floor":15,"key":"SMITH"},{"floor":27,"key":"DIG"},{"floor":30,"key":"DIG"},{"floor":32,"key":"DIG"},{"floor":40,"key":"DIG"},{"floor":46,"key":"DIG"},{"floor":49,"key":"RECALL"},{"floor":53,"key":"DIG"}],"neow_cost":"NO_GOLD","seed_source_timestamp":2010569965673800,"shop_contents":[{"floor":19,"relics":["Eternal Feather","Tingsha","Medical Kit"],"cards":["Die Die Die","Sucker Punch","Dodge and Roll","Well Laid Plans","Jack Of All Trades","Secret Technique"],"potions":["EntropicBrew","SteroidPotion","Explosive Potion"]},{"floor":44,"relics":["Letter Opener","Juzu Bracelet","TheAbacus"],"cards":["Dagger Spray","Poisoned Stab","Dodge and Roll","Storm of Steel","Footwork","Swift Strike","Violence"],"potions":["SmokeBomb","SkillPotion","SmokeBomb"]},{"floor":54,"relics":[],"cards":["Flying Knee","Slice","Outmaneuver","Noxious Fumes","Good Instincts","Sadistic Nature"],"potions":["Poison Potion","CultistPotion","DuplicationPotion"]}],"circlet_count":0,"master_deck":["AscendersBane","Strike_G","Strike_G","Strike_G","Strike_G","Defend_G","Defend_G","Defend_G+1","Survivor+1","Neutralize","Master of Strategy","Blade Dance+1","Dash","Sucker Punch","Choke","Finisher+1","Flying Knee","Well Laid Plans+1","Malaise+1","Finisher","Cloak And Dagger+1","Doppelganger+1","PiercingWail+1","Cloak And Dagger+1","Calculated Gamble+1","Acrobatics+1","Master of Strategy+1","Wraith Form v2","Outmaneuver+1","A Thousand Cuts+1","Wraith Form v2+1","Concentrate+1","Well Laid Plans+1","Burst+1","PiercingWail+1"],"potion_use_per_floor":[[],[],[],["GamblersBrew"],[],[],[],["AttackPotion"],[],["GamblersBrew"],[],[],[],[],[],["Weak Potion"],[],[],[],[],["AttackPotion"],["EssenceOfSteel"],["Explosive Potion"],[],["CunningPotion"],[],[],["SkillPotion"],["FearPotion"],[],["LiquidBronze"],[],["ColorlessPotion"],[],[],[],[],[],[],[],["FearPotion"],[],[],[],[],[],[],[],[],[],[],[],[],[],[],["Ancient Potion","SteroidPotion"]],"relics":["Ring of the Snake","White Beast Statue","Mercury Hourglass","Toxic Egg 2","Bird Faced Urn","Black Star","Gremlin Horn","Shovel","CaptainsWheel","Mummified Hand","Vajra","Matryoshka","Shuriken","Blood Vial","Bronze Scales","Pen Nib","Frozen Egg 2","War Paint","StrikeDummy","Fusion Hammer","Ginger","PreservedInsect","Molten Egg 2","Pear","Bag of Preparation","Dream Catcher","Lantern","Question Card","MawBank","Akabeko","The Specimen","Singing Bowl","Regal Pillow","Bottled Lightning","Membership Card","Art of War","Thread and Needle","Orichalcum","Ninja Scroll"],"potions_floor_usage":[4,8,10,16,21,22,23,25,28,29,31,33,41,56,56],"damage_taken":[{"damage":6,"enemies":"Jaw Worm","floor":1,"turns":8},{"damage":0,"enemies":"2 Louse","floor":2,"turns":2},{"damage":0,"enemies":"Cultist","floor":3,"turns":3},{"damage":4,"enemies":"3 Louse","floor":4,"turns":4},{"damage":1,"enemies":"Blue Slaver","floor":5,"turns":4},{"damage":3,"enemies":"Lots of Slimes","floor":7,"turns":5},{"damage":12,"enemies":"Lagavulin","floor":8,"turns":6},{"damage":4,"enemies":"Gremlin Nob","floor":10,"turns":3},{"damage":3,"enemies":"Looter","floor":13,"turns":3},{"damage":0,"enemies":"Lagavulin","floor":14,"turns":5},{"damage":0,"enemies":"Slime Boss","floor":16,"turns":5},{"damage":3,"enemies":"2 Thieves","floor":18,"turns":4},{"damage":0,"enemies":"Shell Parasite","floor":21,"turns":1},{"damage":0,"enemies":"Snake Plant","floor":22,"turns":4},{"damage":0,"enemies":"Gremlin Leader","floor":23,"turns":4},{"damage":0,"enemies":"Slavers","floor":25,"turns":4},{"damage":0,"enemies":"Gremlin Leader","floor":28,"turns":2},{"damage":2,"enemies":"Snecko","floor":29,"turns":4},{"damage":16,"enemies":"Slavers","floor":31,"turns":3},{"damage":8,"enemies":"Automaton","floor":33,"turns":6},{"damage":0,"enemies":"3 Shapes","floor":35,"turns":3},{"damage":2,"enemies":"2 Orb Walkers","floor":37,"turns":3},{"damage":0,"enemies":"Orb Walker","floor":39,"turns":3},{"damage":0,"enemies":"Nemesis","floor":41,"turns":3},{"damage":0,"enemies":"Spire Growth","floor":42,"turns":3},{"damage":0,"enemies":"Giant Head","floor":45,"turns":3},{"damage":0,"enemies":"Mind Bloom Boss Battle","floor":47,"turns":1},{"damage":0,"enemies":"Nemesis","floor":48,"turns":3},{"damage":1,"enemies":"Donu and Deca","floor":50,"turns":7},{"damage":13,"enemies":"Awakened One","floor":51,"turns":8},{"damage":0,"enemies":"Shield and Spear","floor":55,"turns":3},{"damage":84,"enemies":"The Heart","floor":56,"turns":10}],"seed_played":"4991370690043343409","neow_bonus_log":{"cardsObtained":[],"cardsUpgraded":[],"cardsRemoved":[],"cardsTransformed":[],"relicsObtained":[],"maxHpGained":0,"goldGained":0,"damageTaken":0,"goldLost":99,"maxHpLost":0},"potions_obtained":[{"floor":1,"key":"AttackPotion"},{"floor":3,"key":"GamblersBrew"},{"floor":5,"key":"GamblersBrew"},{"floor":10,"key":"Weak Potion"},{"floor":13,"key":"GamblersBrew"},{"floor":16,"key":"Explosive Potion"},{"floor":18,"key":"AttackPotion"},{"floor":21,"key":"EssenceOfSteel"},{"floor":22,"key":"CunningPotion"},{"floor":23,"key":"SkillPotion"},{"floor":25,"key":"LiquidBronze"},{"floor":28,"key":"FearPotion"},{"floor":29,"key":"ColorlessPotion"},{"floor":31,"key":"FearPotion"},{"floor":33,"key":"FearPotion"},{"floor":35,"key":"SkillPotion"},{"floor":41,"key":"Energy Potion"},{"floor":42,"key":"Dexterity Potion"},{"floor":45,"key":"SteroidPotion"},{"floor":55,"key":"Ancient Potion"}],"is_trial":false,"path_per_floor":["M","M","M","M","M","R","M","E","T","E","R","?","M","E","R","B",null,"M","$","?","M","M","E","?","E","T","R","E","M","R","E","R","B",null,"M","?","?","T","M","R","E","M","T","$","E","R","?","E","R","B","B",null,"R","$","E","B"],"character_chosen":"THE_SILENT","items_purchased":["PiercingWail+1","Membership Card","Art of War","Thread and Needle","PiercingWail+1"],"campfire_rested":0,"item_purchase_floors":[19,54,54,54,54],"current_hp_per_floor":[53,53,53,49,48,48,45,33,33,29,29,45,42,42,42,44,61,60,60,60,60,62,64,64,66,66,66,66,66,66,50,50,46,61,66,63,63,63,63,63,73,73,73,73,73,73,73,73,73,72,64,71,71,71,75,0],"gold":60,"neow_bonus":"RANDOM_COLORLESS_2","is_prod":false,"is_daily":false,"rewards_skipped":[{"floor":7,"relics":[],"potions":["LiquidBronze"]},{"floor":14,"relics":[],"potions":["SpeedPotion"]},{"floor":37,"relics":[],"potions":["EssenceOfSteel"]},{"floor":39,"relics":[],"potions":["ColorlessPotion"]},{"floor":47,"relics":[],"potions":["SmokeBomb"]},{"floor":48,"relics":[],"potions":["SmokeBomb"]}],"chose_seed":false,"campfire_upgraded":3,"win_rate":0,"floor_exit_playtime":[105,145,187,263,328,335,442,564,588,721,729,747,811,908,922,1140,1263,1391,1441,1451,1493,1571,1708,1751,1898,1913,1932,2042,2113,2118,2294,2301,2517,2579,2686,2699,2786,2801,2855,2865,2939,3007,3021,3076,3163,3170,3235,3309,3314,3540,3762,3783,3826,3901,4066],"timestamp":1651188826,"blue_key_relic_skipped_log":{"floor":38,"relicID":"Blue Candle"},"path_taken":["M","M","M","M","M","R","M","E","T","E","R","?","M","E","R","BOSS","M","$","?","M","M","E","?","E","T","R","E","M","R","E","R","BOSS","M","?","?","?","?","R","E","M","T","$","E","R","?","E","R","BOSS","BOSS","R","$","E","BOSS"],"build_version":"2022-03-07","purchased_purges":3,"victory":false,"max_hp_per_floor":[66,66,66,66,66,66,66,66,66,66,66,66,66,66,66,66,66,66,66,66,66,66,66,66,66,66,66,66,66,66,66,66,66,66,66,63,63,63,63,63,73,73,73,73,73,73,73,73,73,73,73,73,73,73,75,75],"relic_stats":{"Regal Pillow":0,"Gremlin Horn":[20,20],"Singing Bowl":2,"Bag of Preparation":[14],"Ginger":[4],"Blood Vial":7,"Dream Catcher":0,"Shovel":6,"Matryoshka":2,"Mummified Hand":[47],"Ring of the Snake":[64],"The Specimen":[0],"counters":[32,130],"Pen Nib":[22],"PreservedInsect":307,"War Paint":["Survivor","Defend_G"],"Orichalcum":[36],"Question Card":3,"MawBank":108,"White Beast Statue":[0.0,0.0,0.0,0.4,0.0,0.6000000000000001,0.0,0.0,0.0,0.0,0.0,9.460594944000006],"Mercury Hourglass":[373],"Shuriken":[63],"Bird Faced Urn":[31],"Bronze Scales":[276],"Black Star":8,"Art of War":[1],"Bottled Lightning":"Master of Strategy","Membership Card":335,"obtain_stats":[{"Lantern":43,"Regal Pillow":48,"Gremlin Horn":20,"Singing Bowl":48,"Vajra":25,"Bag of Preparation":41,"Ginger":37,"Blood Vial":28,"Dream Catcher":43,"Shovel":23,"Matryoshka":26,"Mummified Hand":25,"Ninja Scroll":55,"Fusion Hammer":34,"Toxic Egg 2":10,"Ring of the Snake":0,"Pear":41,"The Specimen":47,"Thread and Needle":54,"Pen Nib":30,"PreservedInsect":38,"Frozen Egg 2":31,"War Paint":31,"Orichalcum":55,"Question Card":45,"MawBank":45,"White Beast Statue":8,"Akabeko":46,"Mercury Hourglass":9,"CaptainsWheel":23,"Shuriken":27,"Bird Faced Urn":14,"Bronze Scales":28,"Molten Egg 2":40,"Black Star":17,"Art of War":54,"Bottled Lightning":53,"Membership Card":54,"StrikeDummy":32},{"Lantern":25,"Regal Pillow":28,"Gremlin Horn":12,"Singing Bowl":28,"Vajra":16,"Bag of Preparation":24,"Ginger":22,"Blood Vial":17,"Dream Catcher":25,"Shovel":15,"Matryoshka":16,"Mummified Hand":16,"Ninja Scroll":31,"Fusion Hammer":20,"Toxic Egg 2":8,"Ring of the Snake":0,"Pear":24,"The Specimen":27,"Thread and Needle":30,"Pen Nib":18,"PreservedInsect":22,"Frozen Egg 2":19,"War Paint":19,"Orichalcum":31,"Question Card":26,"MawBank":26,"White Beast Statue":7,"Akabeko":26,"Mercury Hourglass":7,"CaptainsWheel":15,"Shuriken":16,"Bird Faced Urn":10,"Bronze Scales":17,"Molten Egg 2":23,"Black Star":11,"Art of War":30,"Bottled Lightning":30,"Membership Card":30,"StrikeDummy":19},{"Lantern":95,"Regal Pillow":102,"Gremlin Horn":52,"Singing Bowl":102,"Vajra":65,"Bag of Preparation":92,"Ginger":86,"Blood Vial":67,"Dream Catcher":95,"Shovel":61,"Matryoshka":65,"Mummified Hand":65,"Ninja Scroll":120,"Fusion Hammer":80,"Toxic Egg 2":35,"Ring of the Snake":0,"Pear":92,"The Specimen":99,"Thread and Needle":117,"Pen Nib":71,"PreservedInsect":86,"Frozen Egg 2":74,"War Paint":74,"Orichalcum":120,"Question Card":98,"MawBank":98,"White Beast Statue":32,"Akabeko":98,"Mercury Hourglass":32,"CaptainsWheel":61,"Shuriken":65,"Bird Faced Urn":43,"Bronze Scales":67,"Molten Egg 2":89,"Black Star":48,"Art of War":117,"Bottled Lightning":117,"Membership Card":117,"StrikeDummy":74}]},"card_choices":[{"not_picked":["Secret Technique","Metamorphosis"],"picked":"Master of Strategy","floor":0},{"not_picked":["Backflip","Poisoned Stab"],"picked":"Blade Dance","floor":1},{"not_picked":["PiercingWail","Choke"],"picked":"Dash","floor":2},{"not_picked":["Outmaneuver","Backflip"],"picked":"Sucker Punch","floor":3},{"not_picked":["Backflip","Cloak And Dagger"],"picked":"Choke","floor":4},{"not_picked":["Backflip","Predator"],"picked":"Finisher","floor":5},{"not_picked":["Outmaneuver","Skewer"],"picked":"Flying Knee","floor":7},{"not_picked":["Escape Plan","Skewer"],"picked":"Well Laid Plans","floor":8},{"not_picked":["Eviscerate","Skewer"],"picked":"Malaise+1","floor":10},{"not_picked":["Well Laid Plans","Slice"],"picked":"Finisher","floor":13},{"not_picked":["Skewer","Quick Slash"],"picked":"Cloak And Dagger+1","floor":14},{"not_picked":["Tools of the Trade","Wraith Form v2"],"picked":"Doppelganger+1","floor":16},{"not_picked":["Infinite Blades","Flying Knee","Deadly Poison+1"],"picked":"SKIP","floor":18},{"not_picked":["Heel Hook+1","A Thousand Cuts"],"picked":"Cloak And Dagger+1","floor":21},{"not_picked":["Infinite Blades","Eviscerate"],"picked":"Calculated Gamble+1","floor":22},{"not_picked":["Flechettes","Underhanded Strike"],"picked":"Acrobatics+1","floor":23},{"not_picked":["Bane","Slice","Dagger Spray+1"],"picked":"SKIP","floor":25},{"not_picked":["Outmaneuver+1","Backstab"],"picked":"Wraith Form v2","floor":28},{"not_picked":["PiercingWail+1","Choke"],"picked":"Outmaneuver+1","floor":29},{"not_picked":["Well Laid Plans+1","Predator"],"picked":"A Thousand Cuts+1","floor":31},{"not_picked":["Doppelganger+1","A Thousand Cuts+1"],"picked":"Wraith Form v2+1","floor":33},{"not_picked":["Eviscerate+1","Dash+1"],"picked":"Concentrate+1","floor":35},{"not_picked":["Infinite Blades+1","Heel Hook+1"],"picked":"Well Laid Plans+1","floor":39},{"not_picked":["Underhanded Strike+1","Dagger Throw+1","Cloak And Dagger+1"],"picked":"SKIP","floor":41},{"not_picked":["Dodge and Roll+1","Dash+1","Underhanded Strike+1"],"picked":"SKIP","floor":42},{"not_picked":["Bane+1","Die Die Die+1","Cloak And Dagger+1"],"picked":"SKIP","floor":45},{"not_picked":["Poisoned Stab+1","Escape Plan+1","Deflect+1"],"picked":"Burst+1","floor":48},{"not_picked":["Poisoned Stab+1","Dodge and Roll+1","Expertise+1","Distraction+1"],"picked":"Singing Bowl","floor":55}],"player_experience":6796809,"relics_obtained":[{"floor":8,"key":"White Beast Statue"},{"floor":9,"key":"Mercury Hourglass"},{"floor":10,"key":"Toxic Egg 2"},{"floor":14,"key":"Bird Faced Urn"},{"floor":23,"key":"Shovel"},{"floor":23,"key":"CaptainsWheel"},{"floor":25,"key":"Mummified Hand"},{"floor":25,"key":"Vajra"},{"floor":26,"key":"Matryoshka"},{"floor":27,"key":"Shuriken"},{"floor":28,"key":"Blood Vial"},{"floor":28,"key":"Bronze Scales"},{"floor":30,"key":"Pen Nib"},{"floor":31,"key":"Frozen Egg 2"},{"floor":31,"key":"War Paint"},{"floor":32,"key":"StrikeDummy"},{"floor":37,"key":"Ginger"},{"floor":38,"key":"PreservedInsect"},{"floor":40,"key":"Molten Egg 2"},{"floor":41,"key":"Pear"},{"floor":41,"key":"Bag of Preparation"},{"floor":43,"key":"Dream Catcher"},{"floor":43,"key":"Lantern"},{"floor":45,"key":"Question Card"},{"floor":45,"key":"MawBank"},{"floor":46,"key":"Akabeko"},{"floor":47,"key":"The Specimen"},{"floor":48,"key":"Singing Bowl"},{"floor":48,"key":"Regal Pillow"},{"floor":53,"key":"Bottled Lightning"},{"floor":55,"key":"Orichalcum"},{"floor":55,"key":"Ninja Scroll"}],"event_choices":[{"damage_healed":16,"gold_gain":0,"player_choice":"Healed","damage_taken":0,"max_hp_gain":0,"max_hp_loss":0,"event_name":"The Cleric","floor":12,"gold_loss":35},{"damage_healed":0,"gold_gain":0,"player_choice":"Obtained Relic","damage_taken":0,"relics_obtained":["Gremlin Horn"],"max_hp_gain":0,"max_hp_loss":0,"event_name":"Addict","floor":20,"gold_loss":85},{"damage_healed":0,"gold_gain":0,"player_choice":"Copied","damage_taken":0,"max_hp_gain":0,"max_hp_loss":0,"event_name":"Duplicator","floor":24,"gold_loss":0,"cards_obtained":["Master of Strategy"]},{"damage_healed":0,"gold_gain":0,"player_choice":"Max HP","damage_taken":0,"max_hp_gain":0,"max_hp_loss":3,"event_name":"Winding Halls","floor":36,"gold_loss":0},{"damage_healed":0,"gold_gain":0,"player_choice":"Fight","damage_taken":0,"max_hp_gain":0,"max_hp_loss":0,"event_name":"Mysterious Sphere","floor":37,"gold_loss":0},{"damage_healed":0,"gold_gain":0,"player_choice":"Fight","damage_taken":0,"max_hp_gain":0,"max_hp_loss":0,"event_name":"MindBloom","floor":47,"gold_loss":0}],"is_beta":false,"boss_relics":[{"not_picked":["Ring of the Serpent","Runic Dome"],"picked":"Black Star"},{"not_picked":["Astrolabe","Tiny House"],"picked":"Fusion Hammer"}],"items_purged_floors":[19,44,54],"is_endless":false,"potions_floor_spawned":[1,3,5,7,10,13,14,16,18,21,22,23,25,28,29,31,33,35,37,39,41,42,45,47,48,55],"killed_by":"The Heart","ascension_level":20}