{"gold_per_floor":[114,133,148,163,178,178,178],"floor_reached":7,"playtime":817,"items_purged":[],"score":90,"play_id":"17c3cb39-bf29-46da-abe7-a9af69f3c3f1","local_time":"20220429144237","is_ascension_mode":true,"campfire_choices":[{"data":"Eviscerate","floor":6,"key":"SMITH"}],"neow_cost":"NONE","seed_source_timestamp":2083248751977900,"shop_contents":[],"circlet_count":0,"master_deck":["AscendersBane","Strike_G","Strike_G","Strike_G","Strike_G","Strike_G","Defend_G","Defend_G","Defend_G","Defend_G","Defend_G","Survivor","Neutralize","Swift Strike","Eviscerate+1","Calculated Gamble","Well Laid Plans","Dagger Spray"],"potion_use_per_floor":[[],[],[],[],[],[],[]],"relics":["Ring of the Snake"],"potions_floor_usage":[],"damage_taken":[{"damage":0,"enemies":"Cultist","floor":1,"turns":4},{"damage":1,"enemies":"2 Louse","floor":2,"turns":3},{"damage":0,"enemies":"Small Slimes","floor":3,"turns":2},{"damage":5,"enemies":"Gremlin Gang","floor":4,"turns":4},{"damage":6,"enemies":"Looter","floor":5,"turns":3},{"damage":50,"enemies":"Lagavulin","floor":7,"turns":6}],"seed_played":"5727080547330356797","neow_bonus_log":{"cardsObtained":[],"cardsUpgraded":[],"cardsRemoved":[],"cardsTransformed":[],"relicsObtained":[],"maxHpGained":0,"goldGained":0,"damageTaken":0,"goldLost":0,"maxHpLost":0},"potions_obtained":[],"is_trial":false,"path_per_floor":["M","M","M","M","M","R","E"],"character_chosen":"THE_SILENT","items_purchased":[],"campfire_rested":0,"item_purchase_floors":[],"current_hp_per_floor":[59,58,58,53,47,47,0],"gold":178,"neow_bonus":"RANDOM_COLORLESS","is_prod":false,"is_daily":false,"rewards_skipped":[],"chose_seed":false,"campfire_upgraded":1,"win_rate":0,"floor_exit_playtime":[288,337,395,494,641,649],"timestamp":1651257757,"path_taken":["M","M","M","M","M","R","E"],"build_version":"2022-03-07","purchased_purges":0,"victory":false,"max_hp_per_floor":[66,66,66,66,66,66,66],"relic_stats":{"counters":[6,22],"obtain_stats":[{"Ring of the Snake":0},{"Ring of the Snake":0},{"Ring of the Snake":0}],"Ring of the Snake":[12]},"card_choices":[{"not_picked":["Deep Breath","Purity"],"picked":"Swift Strike","floor":0},{"not_picked":["Backflip","Outmaneuver"],"picked":"Eviscerate","floor":1},{"not_picked":["Accuracy","Setup"],"picked":"Calculated Gamble","floor":2},{"not_picked":["Cloak And Dagger","Slice","Flying Knee"],"picked":"SKIP","floor":3},{"not_picked":["Heel Hook","Dagger Spray"],"picked":"Well Laid Plans","floor":4},{"not_picked":["Dodge and Roll","Sucker Punch"],"picked":"Dagger Spray","floor":5}],"player_experience":6808908,"relics_obtained":[],"event_choices":[],"is_beta":false,"boss_relics":[],"items_purged_floors":[],"is_endless":false,"potions_floor_spawned":[],"killed_by":"Lagavulin","ascension_level":20}