{"gold_per_floor":[110,129,147,159,171,171,204,204,281,281,312,312,462,492,492,492],"floor_reached":16,"playtime":842,"items_purged":[],"score":240,"play_id":"9c293dd0-8dfb-4c0a-b88d-37c3548b48ac","local_time":"20220428181707","is_ascension_mode":true,"campfire_choices":[{"data":"Dagger Spray","floor":6,"key":"SMITH"},{"data":"Quick Slash","floor":8,"key":"SMITH"},{"data":"Neutralize","floor":12,"key":"SMITH"},{"data":"Masterful Stab","floor":15,"key":"SMITH"}],"neow_cost":"NONE","seed_source_timestamp":2009699821818400,"shop_contents":[],"circlet_count":0,"master_deck":["AscendersBane","Strike_G","Strike_G","Strike_G","Strike_G","Strike_G","Defend_G","Defend_G","Defend_G","Defend_G","Defend_G","Survivor","Neutralize+1","Deflect","Masterful Stab+1","Slice","Dagger Spray+1","Quick Slash+1","PiercingWail","Acrobatics","Backflip"],"potion_use_per_floor":[[],[],[],[],["Regen Potion"],[],["Block Potion"],[],[],[],["DuplicationPotion"],[],[],[],[],["SteroidPotion"]],"relics":["Ring of the Snake","Bag of Preparation","Omamori","Letter Opener","Ice Cream","Juzu Bracelet"],"potions_floor_usage":[5,7,11,16],"damage_taken":[{"damage":6,"enemies":"Cultist","floor":1,"turns":5},{"damage":0,"enemies":"2 Louse","floor":2,"turns":3},{"damage":0,"enemies":"Jaw Worm","floor":3,"turns":4},{"damage":3,"enemies":"Exordium Wildlife","floor":4,"turns":3},{"damage":0,"enemies":"3 Louse","floor":5,"turns":6},{"damage":15,"enemies":"3 Sentries","floor":7,"turns":6},{"damage":27,"enemies":"Lagavulin","floor":11,"turns":6},{"damage":7,"enemies":"3 Sentries","floor":14,"turns":6},{"damage":19,"enemies":"Hexaghost","floor":16,"turns":9}],"seed_played":"-2940373627514563701","neow_bonus_log":{"cardsObtained":[],"cardsUpgraded":[],"cardsRemoved":[],"cardsTransformed":[],"relicsObtained":["Bag of Preparation"],"maxHpGained":0,"goldGained":0,"damageTaken":0,"goldLost":0,"maxHpLost":0},"potions_obtained":[{"floor":2,"key":"DuplicationPotion"},{"floor":3,"key":"Energy Potion"},{"floor":4,"key":"Regen Potion"},{"floor":5,"key":"Block Potion"},{"floor":14,"key":"SteroidPotion"}],"is_trial":false,"path_per_floor":["M","M","M","M","M","R","E","R","T","?","E","R","?","E","R","B"],"character_chosen":"THE_SILENT","items_purchased":[],"campfire_rested":0,"item_purchase_floors":[],"current_hp_per_floor":[53,53,53,50,65,65,50,50,50,50,23,23,23,16,16,0],"gold":492,"neow_bonus":"RANDOM_COMMON_RELIC","is_prod":false,"is_daily":false,"rewards_skipped":[],"chose_seed":false,"campfire_upgraded":4,"win_rate":0,"floor_exit_playtime":[58,85,130,170,239,246,362,380,394,416,519,534,544,676,718],"timestamp":1651184227,"path_taken":["M","M","M","M","?","R","E","R","T","?","E","R","?","E","R","BOSS"],"build_version":"2022-03-07","purchased_purges":0,"victory":false,"max_hp_per_floor":[66,66,66,66,66,66,66,66,66,66,66,66,66,66,66,66],"relic_stats":{"Ice Cream":[14],"counters":[9,48],"Bag of Preparation":[18],"Omamori":1,"Juzu Bracelet":0,"Letter Opener":[20],"obtain_stats":[{"Ice Cream":11,"Bag of Preparation":0,"Omamori":7,"Juzu Bracelet":14,"Letter Opener":9,"Ring of the Snake":0},{"Ice Cream":7,"Bag of Preparation":0,"Omamori":6,"Juzu Bracelet":8,"Letter Opener":6,"Ring of the Snake":0},{"Ice Cream":33,"Bag of Preparation":0,"Omamori":27,"Juzu Bracelet":39,"Letter Opener":27,"Ring of the Snake":0}],"Ring of the Snake":[18]},"card_choices":[{"not_picked":["Cloak And Dagger","Distraction"],"picked":"Deflect","floor":1},{"not_picked":["PiercingWail","Dagger Throw"],"picked":"Masterful Stab","floor":2},{"not_picked":["Bane","Tactician"],"picked":"Slice","floor":3},{"not_picked":["Slice","Blade Dance"],"picked":"Dagger Spray","floor":4},{"not_picked":["Cloak And Dagger","Tactician"],"picked":"Quick Slash","floor":5},{"not_picked":["Prepared","Slice"],"picked":"PiercingWail","floor":7},{"not_picked":["A Thousand Cuts","Flying Knee"],"picked":"Acrobatics","floor":11},{"not_picked":["Expertise","PiercingWail"],"picked":"Backflip","floor":14}],"player_experience":6795967,"relics_obtained":[{"floor":7,"key":"Omamori"},{"floor":9,"key":"Letter Opener"},{"floor":11,"key":"Ice Cream"},{"floor":14,"key":"Juzu Bracelet"}],"event_choices":[{"damage_healed":0,"gold_gain":0,"player_choice":"Searched \u00270\u0027 times","damage_taken":0,"max_hp_gain":0,"max_hp_loss":0,"event_name":"Dead Adventurer","floor":10,"gold_loss":0},{"damage_healed":0,"gold_gain":150,"player_choice":"AGREE","damage_taken":0,"max_hp_gain":0,"max_hp_loss":0,"event_name":"Liars Game","floor":13,"gold_loss":0,"cards_obtained":["Doubt"]}],"is_beta":false,"boss_relics":[],"items_purged_floors":[],"is_endless":false,"potions_floor_spawned":[2,3,4,5,14],"killed_by":"Hexaghost","ascension_level":20}