{"gold_per_floor":[310,310,14,27,40,73,73,101,170,170,170,150,189,213,213,309,309,323,323,238,138,154,185,185,185,233,271,284,304,328,328,328,405,405,420,420,420,26,26,56,56,101,101,8,8,0,14,25,25,25,25,25,25,25,60,60],"floor_reached":57,"playtime":5653,"items_purged":["Strike_G","Strike_G","Strike_G"],"score":2768,"play_id":"17baa90f-8295-441f-a095-2ac9602cc869","local_time":"20220501212641","is_ascension_mode":true,"campfire_choices":[{"data":"Bane","floor":7,"key":"SMITH"},{"data":"Dash","floor":10,"key":"SMITH"},{"data":"Dash","floor":15,"key":"SMITH"},{"data":"Cloak And Dagger","floor":25,"key":"SMITH"},{"floor":32,"key":"REST"},{"data":"Wraith Form v2","floor":41,"key":"SMITH"},{"data":"Catalyst","floor":45,"key":"SMITH"},{"floor":49,"key":"RECALL"},{"data":"Well Laid Plans","floor":53,"key":"SMITH"}],"neow_cost":"NO_GOLD","seed_source_timestamp":843348584994800,"shop_contents":[{"floor":3,"relics":["Question Card","Chemical X"],"cards":["Sucker Punch","Prepared","Setup","Caltrops","PanicButton","Secret Weapon"],"potions":["Dexterity Potion","FairyPotion","EssenceOfSteel"]},{"floor":21,"relics":["Ice Cream","Whetstone","DollysMirror"],"cards":["Underhanded Strike","Dagger Throw","Escape Plan","PiercingWail","Noxious Fumes","Swift Strike","Metamorphosis"],"potions":["SkillPotion","SkillPotion","Ancient Potion"]},{"floor":38,"relics":["CeramicFish"],"cards":["Finisher","All Out Attack","Infinite Blades","Flash of Steel","Master of Strategy"],"potions":["Weak Potion","SkillPotion","ColorlessPotion"]},{"floor":44,"relics":["Sundial","Bottled Flame","Medical Kit"],"cards":["Predator","Underhanded Strike","Dodge and Roll","Flash of Steel","Mayhem"],"potions":["Poison Potion","SneckoOil"]},{"floor":54,"relics":["War Paint","StrikeDummy","Cauldron"],"cards":["Endless Agony","Poisoned Stab","Escape Plan","Reflex","Accuracy","Forethought","Violence"],"potions":["DistilledChaos","AttackPotion","Weak Potion"]}],"circlet_count":0,"master_deck":["AscendersBane","Strike_G","Strike_G","Defend_G","Defend_G","Defend_G","Defend_G","Defend_G","Survivor","Neutralize","Noxious Fumes","Bane+1","Bane","Dash+1","Dash+1","Venomology","Backflip","After Image","Acrobatics","Cloak And Dagger+1","Venomology","Well Laid Plans+1","Wraith Form v2+1","PiercingWail+1","Pain","Bouncing Flask","Catalyst+1","Acrobatics+1","Blur","Well Laid Plans","Bouncing Flask","Corpse Explosion","PiercingWail"],"potion_use_per_floor":[[],[],[],[],[],[],[],["Weak Potion"],[],[],[],[],[],[],[],["Fire Potion","SpeedPotion"],[],["LiquidBronze"],[],[],[],["EssenceOfSteel","SpeedPotion"],["Dexterity Potion","Dexterity Potion"],[],[],[],["EssenceOfSteel","DuplicationPotion"],["FearPotion","ColorlessPotion"],["EssenceOfSteel","BlessingOfTheForge"],["LiquidBronze"],[],[],["CultistPotion","Energy Potion","ColorlessPotion","Weak Potion"],[],["Explosive Potion"],[],[],[],[],["Fire Potion","Explosive Potion","Dexterity Potion","DuplicationPotion"],[],["ColorlessPotion","Poison Potion"],[],[],[],[],["SteroidPotion","CunningPotion"],["FearPotion","SteroidPotion","SneckoOil"],[],["Dexterity Potion"],["DistilledChaos"],[],[],[],["Weak Potion","LiquidMemories","Regen Potion"],["SkillPotion","PowerPotion","DistilledChaos","Energy Potion","Swift Potion"],[]],"relics":["Ring of the Snake","Old Coin","Lantern","Oddly Smooth Stone","Bronze Scales","Boot","White Beast Statue","Bloody Idol","Shuriken","SlaversCollar","Singing Bowl","Strawberry","Potion Belt","Blue Candle","Coffee Dripper","WarpedTongs","Membership Card","Centennial Puzzle","Gremlin Horn","Pocketwatch","Letter Opener","Red Mask","Anchor"],"potions_floor_usage":[8,16,16,18,22,22,23,23,27,27,28,28,29,29,30,33,33,33,33,35,40,40,40,40,42,42,47,47,48,48,48,50,51,55,55,55,56,56,56,56,56],"damage_taken":[{"damage":6,"enemies":"Jaw Worm","floor":1,"turns":6},{"damage":6,"enemies":"2 Louse","floor":4,"turns":4},{"damage":0,"enemies":"Small Slimes","floor":5,"turns":4},{"damage":19,"enemies":"3 Sentries","floor":6,"turns":8},{"damage":5,"enemies":"Lagavulin","floor":8,"turns":8},{"damage":0,"enemies":"3 Sentries","floor":13,"turns":6},{"damage":0,"enemies":"Blue Slaver","floor":14,"turns":3},{"damage":10,"enemies":"Slime Boss","floor":16,"turns":7},{"damage":5,"enemies":"3 Byrds","floor":18,"turns":1},{"damage":0,"enemies":"Chosen","floor":22,"turns":5},{"damage":4,"enemies":"Book of Stabbing","floor":23,"turns":6},{"damage":0,"enemies":"Slavers","floor":27,"turns":6},{"damage":2,"enemies":"Centurion and Healer","floor":28,"turns":8},{"damage":5,"enemies":"Sentry and Sphere","floor":29,"turns":9},{"damage":16,"enemies":"Snake Plant","floor":30,"turns":5},{"damage":15,"enemies":"Collector","floor":33,"turns":9},{"damage":7,"enemies":"3 Darklings","floor":35,"turns":8},{"damage":16,"enemies":"Giant Head","floor":40,"turns":7},{"damage":2,"enemies":"2 Orb Walkers","floor":42,"turns":4},{"damage":1,"enemies":"Orb Walker","floor":47,"turns":3},{"damage":4,"enemies":"Jaw Worm Horde","floor":48,"turns":4},{"damage":23,"enemies":"Time Eater","floor":50,"turns":10},{"damage":13,"enemies":"Donu and Deca","floor":51,"turns":8},{"damage":6,"enemies":"Shield and Spear","floor":55,"turns":8},{"damage":57,"enemies":"The Heart","floor":56,"turns":9}],"seed_played":"5873986568017565966","neow_bonus_log":{"cardsObtained":[],"cardsUpgraded":[],"cardsRemoved":[],"cardsTransformed":[],"relicsObtained":["Old Coin"],"maxHpGained":0,"goldGained":0,"damageTaken":0,"goldLost":99,"maxHpLost":0},"potions_obtained":[{"floor":1,"key":"Weak Potion"},{"floor":6,"key":"SpeedPotion"},{"floor":8,"key":"Fire Potion"},{"floor":16,"key":"EssenceOfSteel"},{"floor":18,"key":"Dexterity Potion"},{"floor":22,"key":"Dexterity Potion"},{"floor":23,"key":"EssenceOfSteel"},{"floor":27,"key":"EssenceOfSteel"},{"floor":28,"key":"SteroidPotion"},{"floor":29,"key":"LiquidBronze"},{"floor":30,"key":"LiquidMemories"},{"floor":33,"key":"Explosive Potion"},{"floor":35,"key":"Fire Potion"},{"floor":40,"key":"Poison Potion"},{"floor":42,"key":"FearPotion"},{"floor":48,"key":"DistilledChaos"},{"floor":55,"key":"Energy Potion"}],"is_trial":false,"path_per_floor":["M","?","$","M","M","E","R","E","T","R","?","?","E","M","R","B",null,"M","?","?","$","M","E","T","R","T","E","M","M","M","?","R","B",null,"M","?","?","$","?","E","R","?","T","$","R","?","M","M","R","B","B",null,"R","$","E","B",null],"character_chosen":"THE_SILENT","items_purchased":["Bane","Oddly Smooth Stone","Membership Card","Bouncing Flask","Catalyst","Centennial Puzzle","Well Laid Plans","Bouncing Flask","Swift Potion"],"campfire_rested":1,"item_purchase_floors":[3,3,38,38,38,38,44,44,44],"current_hp_per_floor":[53,48,48,42,42,23,23,18,18,18,18,18,18,18,18,8,47,42,42,42,42,42,45,45,45,45,45,45,40,26,26,47,37,63,61,61,61,61,61,50,50,53,53,53,53,53,59,60,60,37,24,58,58,58,69,12],"gold":60,"neow_bonus":"ONE_RARE_RELIC","is_prod":false,"is_daily":false,"rewards_skipped":[{"floor":12,"relics":[],"potions":["Weak Potion"]},{"floor":13,"relics":[],"potions":["LiquidBronze"]},{"floor":14,"relics":[],"potions":["LiquidBronze"]},{"floor":47,"relics":[],"potions":["FearPotion"]}],"chose_seed":false,"campfire_upgraded":7,"win_rate":0,"floor_exit_playtime":[93,104,231,296,334,600,627,718,722,741,746,753,896,937,956,1162,1228,1297,1318,1328,1392,1628,1772,1901,1908,1912,2058,2193,2357,2467,2476,2519,2753,2817,3006,3030,3065,3154,3158,3389,3397,3659,3664,3724,3732,3736,3810,4024,4029,4401,4700,4711,4723,4735,5077,5653],"timestamp":1651454801,"blue_key_relic_skipped_log":{"floor":26,"relicID":"Tiny Chest"},"path_taken":["M","?","$","M","?","E","R","E","T","R","?","?","E","?","R","BOSS","M","?","?","$","?","E","?","R","T","E","M","M","M","?","R","BOSS","M","?","?","$","?","E","R","?","T","?","R","?","M","M","R","BOSS","BOSS","R","$","E","BOSS"],"build_version":"2022-03-07","purchased_purges":3,"victory":true,"max_hp_per_floor":[66,66,66,66,66,66,66,66,66,66,60,60,60,60,60,60,60,60,60,60,60,60,67,67,67,67,67,69,69,71,71,71,71,71,71,67,67,67,67,67,67,67,67,67,67,67,69,69,69,69,69,69,69,69,69,69],"relic_stats":{"Singing Bowl":6,"Gremlin Horn":[2,2],"counters":[25,156],"Blue Candle":[7],"Letter Opener":[91],"Boot":[66],"White Beast Statue":[0.0,0.0,0.0,0.4,0.0,0.6000000000000001,0.0,0.0,0.0,0.0,0.0,7.159726080000002],"WarpedTongs":[52],"Centennial Puzzle":[24],"Shuriken":[36],"Bronze Scales":[561],"Bloody Idol":35,"Membership Card":309,"obtain_stats":[{"Potion Belt":24,"Lantern":2,"Singing Bowl":20,"Gremlin Horn":40,"Golden Idol":11,"Blue Candle":27,"Oddly Smooth Stone":3,"Letter Opener":43,"Boot":8,"White Beast Statue":9,"Old Coin":0,"WarpedTongs":37,"SlaversCollar":17,"Centennial Puzzle":38,"Anchor":55,"Shuriken":13,"Bronze Scales":6,"Strawberry":23,"Bloody Idol":31,"Coffee Dripper":34,"Red Mask":46,"Membership Card":38,"Ring of the Snake":0,"Pocketwatch":42},{"Potion Belt":11,"Lantern":1,"Singing Bowl":9,"Gremlin Horn":18,"Golden Idol":5,"Blue Candle":12,"Oddly Smooth Stone":1,"Letter Opener":19,"Boot":5,"White Beast Statue":5,"Old Coin":0,"WarpedTongs":17,"SlaversCollar":8,"Centennial Puzzle":17,"Anchor":24,"Shuriken":6,"Bronze Scales":4,"Strawberry":11,"Bloody Idol":15,"Coffee Dripper":16,"Red Mask":19,"Membership Card":17,"Ring of the Snake":0,"Pocketwatch":19},{"Potion Belt":58,"Lantern":6,"Singing Bowl":47,"Gremlin Horn":110,"Golden Idol":30,"Blue Candle":64,"Oddly Smooth Stone":6,"Letter Opener":114,"Boot":30,"White Beast Statue":30,"Old Coin":0,"WarpedTongs":103,"SlaversCollar":46,"Centennial Puzzle":103,"Anchor":147,"Shuriken":36,"Bronze Scales":22,"Strawberry":58,"Bloody Idol":86,"Coffee Dripper":95,"Red Mask":114,"Membership Card":103,"Ring of the Snake":0,"Pocketwatch":114}],"Ring of the Snake":[50],"Pocketwatch":[37]},"card_choices":[{"not_picked":["Choke","Dodge and Roll"],"picked":"Noxious Fumes","floor":1},{"not_picked":["Quick Slash","Heel Hook"],"picked":"Bane","floor":4},{"not_picked":["Bouncing Flask","Tactician"],"picked":"Dash","floor":5},{"not_picked":["Catalyst","Dagger Throw"],"picked":"Dash","floor":6},{"not_picked":["Outmaneuver","Infinite Blades","Noxious Fumes"],"picked":"SKIP","floor":8},{"not_picked":["Riddle With Holes","Reflex","Predator"],"picked":"SKIP","floor":13},{"not_picked":["Riddle With Holes","Reflex","Predator"],"picked":"SKIP","floor":13},{"not_picked":["All Out Attack","Grand Finale","Tactician"],"picked":"SKIP","floor":14},{"not_picked":["Unload","Night Terror"],"picked":"Venomology","floor":16},{"not_picked":["Bouncing Flask","Prepared"],"picked":"Backflip","floor":18},{"not_picked":["Quick Slash","Underhanded Strike"],"picked":"Acrobatics","floor":22},{"not_picked":["Backflip","Quick Slash"],"picked":"Cloak And Dagger","floor":23},{"not_picked":["Bane","Escape Plan"],"picked":"Venomology","floor":27},{"not_picked":["Acrobatics","Slice","Skewer"],"picked":"Singing Bowl","floor":28},{"not_picked":["Dagger Spray","Underhanded Strike"],"picked":"Well Laid Plans","floor":29},{"not_picked":["Backstab","Flying Knee","Poisoned Stab"],"picked":"Singing Bowl","floor":30},{"not_picked":["Grand Finale","Bullet Time"],"picked":"Wraith Form v2","floor":33},{"not_picked":["Reflex+1","Quick Slash"],"picked":"PiercingWail+1","floor":35},{"not_picked":["Dodge and Roll","Flying Knee"],"picked":"Acrobatics+1","floor":40},{"not_picked":["Accuracy","Distraction+1"],"picked":"Blur","floor":42},{"not_picked":["Flying Knee","Sucker Punch","Slice"],"picked":"Singing Bowl","floor":47},{"not_picked":["Acrobatics","Deflect"],"picked":"Corpse Explosion","floor":48},{"not_picked":["Sucker Punch","Flying Knee"],"picked":"PiercingWail","floor":55}],"player_experience":12760514,"relics_obtained":[{"floor":6,"key":"Bronze Scales"},{"floor":8,"key":"Boot"},{"floor":9,"key":"White Beast Statue"},{"floor":13,"key":"Shuriken"},{"floor":23,"key":"Strawberry"},{"floor":24,"key":"Potion Belt"},{"floor":27,"key":"Blue Candle"},{"floor":40,"key":"Gremlin Horn"},{"floor":42,"key":"Pocketwatch"},{"floor":43,"key":"Letter Opener"},{"floor":55,"key":"Anchor"}],"event_choices":[{"damage_healed":0,"gold_gain":0,"player_choice":"Success","damage_taken":5,"relics_obtained":["Lantern"],"max_hp_gain":0,"max_hp_loss":0,"event_name":"Scrap Ooze","floor":2,"gold_loss":0},{"damage_healed":0,"gold_gain":0,"player_choice":"Lose Max HP","damage_taken":0,"relics_obtained":["Golden Idol"],"max_hp_gain":0,"max_hp_loss":6,"event_name":"Golden Idol","floor":11,"gold_loss":0},{"damage_healed":0,"gold_gain":0,"player_choice":"Bought 1 Potion","damage_taken":0,"max_hp_gain":0,"max_hp_loss":0,"event_name":"The Woman in Blue","floor":12,"gold_loss":0},{"damage_healed":0,"gold_gain":0,"player_choice":"1 cards matched","damage_taken":0,"max_hp_gain":0,"max_hp_loss":0,"event_name":"Match and Keep!","floor":19,"gold_loss":0,"cards_obtained":["After Image"]},{"damage_healed":0,"gold_gain":0,"player_choice":"Obtained Relic","damage_taken":0,"relics_obtained":["Singing Bowl"],"max_hp_gain":0,"max_hp_loss":0,"event_name":"Addict","floor":20,"gold_loss":85},{"damage_healed":0,"gold_gain":0,"player_choice":"Gave Idol","damage_taken":0,"relics_obtained":["Bloody Idol"],"max_hp_gain":0,"max_hp_loss":0,"event_name":"Forgotten Altar","floor":31,"relics_lost":["Golden Idol"],"gold_loss":0},{"damage_healed":0,"gold_gain":0,"player_choice":"Max HP","damage_taken":0,"max_hp_gain":0,"max_hp_loss":4,"event_name":"Winding Halls","floor":36,"gold_loss":0},{"damage_healed":0,"gold_gain":0,"player_choice":"Rummage","damage_taken":0,"relics_obtained":["WarpedTongs"],"max_hp_gain":0,"max_hp_loss":0,"event_name":"Accursed Blacksmith","floor":37,"gold_loss":0,"cards_obtained":["Pain"]},{"damage_healed":0,"gold_gain":0,"player_choice":"Ignored","damage_taken":0,"max_hp_gain":0,"max_hp_loss":0,"event_name":"SecretPortal","floor":39,"gold_loss":0},{"damage_healed":0,"gold_gain":0,"player_choice":"Fight","damage_taken":0,"max_hp_gain":0,"max_hp_loss":0,"event_name":"Mysterious Sphere","floor":42,"gold_loss":0},{"damage_healed":0,"gold_gain":0,"player_choice":"Paid","damage_taken":0,"relics_obtained":["Red Mask"],"max_hp_gain":0,"max_hp_loss":0,"event_name":"Tomb of Lord Red Mask","floor":46,"gold_loss":8}],"is_beta":false,"boss_relics":[{"not_picked":["Velvet Choker","Sozu"],"picked":"SlaversCollar"},{"not_picked":["Fusion Hammer","Pandora\u0027s Box"],"picked":"Coffee Dripper"}],"items_purged_floors":[3,21,38],"is_endless":false,"potions_floor_spawned":[1,6,8,13,14,16,18,22,23,27,28,29,30,33,35,40,42,47,48,55],"ascension_level":20,"potion_discard_per_floor":[[],[],[],[],[],[],[],[],[],[],[],[],[],[],[],[],[],[],[],[],[],[],[],[],[],[],[],[],[],["Fire Potion","SteroidPotion"],[],[],[],[],["AttackPotion"],[],[],[],[],[],[],[],[],[],[],[],[],[],[],[],[],[],[],[],[],[],[]]}