{"gold_per_floor":[118,135,154,174,102,102,135,151,151,151,167,185,185,211,211,288,288,305,317,367,11,28,28,62,90,102,114],"floor_reached":27,"playtime":3418,"items_purged":[],"score":494,"play_id":"1372bf77-8e2f-4d98-95ca-32cd69e9cf66","local_time":"20220503151558","is_ascension_mode":true,"campfire_choices":[{"data":"Noxious Fumes","floor":6,"key":"SMITH"},{"data":"Bouncing Flask","floor":13,"key":"SMITH"},{"data":"Footwork","floor":15,"key":"SMITH"},{"floor":23,"key":"REST"}],"neow_cost":"NONE","seed_source_timestamp":2428235327015000,"shop_contents":[{"floor":21,"relics":["Oddly Smooth Stone","Happy Flower","Singing Bowl"],"cards":["Bane","Dagger Throw","Reflex","Burst","Footwork","Blind","The Bomb"],"potions":["Poison Potion","Poison Potion","Weak Potion"]}],"circlet_count":0,"master_deck":["AscendersBane","Strike_G","Strike_G","Strike_G","Strike_G","Strike_G","Defend_G","Defend_G","Defend_G","Defend_G","Survivor","Neutralize","Footwork+1","Noxious Fumes+1","Sucker Punch","Deflect","Dagger Spray","Caltrops","Bouncing Flask+1","Well Laid Plans","Corpse Explosion","Blur+1","Blur","Backflip"],"potion_use_per_floor":[[],[],[],[],[],[],["PowerPotion"],[],[],[],["Regen Potion"],[],[],[],[],[],[],["SkillPotion"],["DistilledChaos"],[],[],[],[],[],["Fire Potion","EntropicBrew","BlessingOfTheForge"],[],["GamblersBrew"]],"relics":["Ring of the Snake","The Courier","StrikeDummy","Lantern","Shuriken","Runic Dome","Mummified Hand","Sling","MawBank","Tingsha"],"potions_floor_usage":[7,11,18,19,25,25,25,27],"damage_taken":[{"damage":5,"enemies":"Small Slimes","floor":1,"turns":5},{"damage":2,"enemies":"Jaw Worm","floor":2,"turns":5},{"damage":0,"enemies":"Cultist","floor":3,"turns":4},{"damage":0,"enemies":"Blue Slaver","floor":4,"turns":5},{"damage":14,"enemies":"3 Sentries","floor":7,"turns":6},{"damage":3,"enemies":"Exordium Wildlife","floor":8,"turns":4},{"damage":2,"enemies":"Gremlin Gang","floor":11,"turns":5},{"damage":0,"enemies":"2 Fungi Beasts","floor":12,"turns":3},{"damage":5,"enemies":"Lagavulin","floor":14,"turns":5},{"damage":25,"enemies":"Hexaghost","floor":16,"turns":8},{"damage":4,"enemies":"Shell Parasite","floor":18,"turns":5},{"damage":3,"enemies":"Spheric Guardian","floor":19,"turns":4},{"damage":18,"enemies":"Centurion and Healer","floor":22,"turns":5},{"damage":18,"enemies":"Gremlin Leader","floor":24,"turns":5},{"damage":12,"enemies":"Shelled Parasite and Fungi","floor":25,"turns":4},{"damage":14,"enemies":"Colosseum Slavers","floor":27,"turns":2}],"seed_played":"3369183606077888319","neow_bonus_log":{"cardsObtained":["Footwork"],"cardsUpgraded":[],"cardsRemoved":[],"cardsTransformed":["Defend_G"],"relicsObtained":[],"maxHpGained":0,"goldGained":0,"damageTaken":0,"goldLost":0,"maxHpLost":0},"potions_obtained":[{"floor":1,"key":"Weak Potion"},{"floor":2,"key":"PowerPotion"},{"floor":4,"key":"Regen Potion"},{"floor":12,"key":"SkillPotion"},{"floor":14,"key":"Fire Potion"},{"floor":18,"key":"DistilledChaos"},{"floor":22,"key":"SpeedPotion"},{"floor":24,"key":"EntropicBrew"}],"is_trial":false,"path_per_floor":["M","M","M","M","?","R","E","M","T","T","M","M","R","E","R","B",null,"M","M","?","$","M","R","E","M","T","?"],"character_chosen":"THE_SILENT","items_purchased":["Mummified Hand","Sling"],"campfire_rested":1,"item_purchase_floors":[21,21],"current_hp_per_floor":[54,52,52,52,52,52,38,35,35,35,48,48,48,43,43,18,54,50,47,41,41,23,42,24,12,12,0],"gold":114,"neow_bonus":"TRANSFORM_CARD","is_prod":false,"is_daily":false,"rewards_skipped":[],"chose_seed":false,"campfire_upgraded":3,"win_rate":0,"floor_exit_playtime":[411,519,607,738,790,797,1034,1217,1265,1274,1484,1541,1551,1755,1766,1982,2243,2381,2549,2606,2861,2989,2994,3143,3293,3336],"timestamp":1651605358,"path_taken":["M","M","M","M","?","R","E","M","T","?","M","M","R","E","R","BOSS","M","M","?","$","?","R","E","M","T","?"],"build_version":"2022-03-07","purchased_purges":0,"victory":false,"max_hp_per_floor":[66,66,66,66,66,66,66,66,66,66,66,66,66,66,66,66,66,66,66,66,66,66,66,66,66,66,66],"relic_stats":{"counters":[16,75],"Shuriken":[9],"Mummified Hand":[12],"Tingsha":[18],"The Courier":89,"MawBank":36,"obtain_stats":[{"Runic Dome":17,"Lantern":10,"Shuriken":14,"Mummified Hand":21,"Tingsha":26,"The Courier":7,"StrikeDummy":9,"Sling":21,"MawBank":24,"Ring of the Snake":0},{"Runic Dome":10,"Lantern":6,"Shuriken":9,"Mummified Hand":12,"Tingsha":15,"The Courier":5,"StrikeDummy":6,"Sling":12,"MawBank":14,"Ring of the Snake":0},{"Runic Dome":50,"Lantern":29,"Shuriken":42,"Mummified Hand":59,"Tingsha":73,"The Courier":25,"StrikeDummy":29,"Sling":59,"MawBank":69,"Ring of the Snake":0}],"Ring of the Snake":[32]},"card_choices":[{"not_picked":["Riddle With Holes","Accuracy"],"picked":"Noxious Fumes","floor":1},{"not_picked":["Dodge and Roll","PiercingWail"],"picked":"Sucker Punch","floor":2},{"not_picked":["Flying Knee","Underhanded Strike"],"picked":"Deflect","floor":3},{"not_picked":["Blur","Escape Plan","Outmaneuver"],"picked":"SKIP","floor":4},{"not_picked":["Acrobatics","Prepared","Concentrate"],"picked":"SKIP","floor":7},{"not_picked":["Backflip","Prepared"],"picked":"Dagger Spray","floor":8},{"not_picked":["Blade Dance","Backflip"],"picked":"Caltrops","floor":11},{"not_picked":["Deadly Poison","Cloak And Dagger"],"picked":"Bouncing Flask","floor":12},{"not_picked":["Die Die Die","Dagger Spray"],"picked":"Well Laid Plans","floor":14},{"not_picked":["Bullet Time","Wraith Form v2"],"picked":"Corpse Explosion","floor":16},{"not_picked":["Dodge and Roll","Deadly Poison"],"picked":"Blur+1","floor":18},{"not_picked":["Slice","Expertise"],"picked":"Blur","floor":19},{"not_picked":["Dagger Throw","Choke","Distraction"],"picked":"SKIP","floor":22},{"not_picked":["Bouncing Flask","Escape Plan"],"picked":"Backflip","floor":24},{"not_picked":["Caltrops","Flying Knee","Bane"],"picked":"SKIP","floor":25}],"player_experience":6836683,"relics_obtained":[{"floor":7,"key":"The Courier"},{"floor":9,"key":"StrikeDummy"},{"floor":10,"key":"Lantern"},{"floor":14,"key":"Shuriken"},{"floor":24,"key":"MawBank"},{"floor":26,"key":"Tingsha"}],"event_choices":[{"damage_healed":0,"gold_gain":0,"player_choice":"Left Gold","damage_taken":0,"max_hp_gain":0,"max_hp_loss":0,"event_name":"World of Goop","floor":5,"gold_loss":72},{"damage_healed":0,"gold_gain":50,"player_choice":"Touch","damage_taken":6,"max_hp_gain":0,"max_hp_loss":0,"event_name":"FaceTrader","floor":20,"gold_loss":0},{"damage_healed":0,"gold_gain":0,"player_choice":"Fight","damage_taken":0,"max_hp_gain":0,"max_hp_loss":0,"event_name":"Colosseum","floor":27,"gold_loss":0}],"is_beta":false,"boss_relics":[{"not_picked":["Empty Cage","Tiny House"],"picked":"Runic Dome"}],"items_purged_floors":[],"is_endless":false,"potions_floor_spawned":[1,2,4,12,14,18,22,24],"killed_by":"Colosseum Slavers","ascension_level":20}