{"gold_per_floor":[118,133,151,151,166,192,208,208,233,233,243,256,291,306,306,382,382,394,410,410,430,184,184,97,129,129,147,161,161,177,196,196,269,269,279,328,343,368,368],"floor_reached":39,"playtime":4404,"items_purged":["Strike_G"],"score":1038,"play_id":"9eab083a-ce30-44cf-a56f-47c7356624b2","local_time":"20220429132507","is_ascension_mode":true,"campfire_choices":[{"data":"Bouncing Flask","floor":8,"key":"SMITH"},{"data":"Well Laid Plans","floor":10,"key":"SMITH"},{"data":"Bane","floor":15,"key":"SMITH"},{"floor":23,"key":"REST"},{"floor":29,"key":"REST"},{"data":"Catalyst","floor":32,"key":"SMITH"}],"neow_cost":"TEN_PERCENT_HP_LOSS","seed_source_timestamp":2075008627188600,"shop_contents":[{"floor":22,"relics":["Juzu Bracelet","Matryoshka"],"cards":["Dash","Backstab","Backflip","Dodge and Roll","Caltrops","Swift Strike","Violence"],"potions":["Swift Potion","Regen Potion","SpeedPotion"]},{"floor":24,"relics":["War Paint","Bag of Marbles","Frozen Eye"],"cards":["Slice","Dagger Spray","Deadly Poison","Well Laid Plans","Purity","Panache"],"potions":["Explosive Potion","SkillPotion","SpeedPotion"]}],"circlet_count":0,"master_deck":["AscendersBane","Strike_G","Defend_G","Defend_G","Defend_G","Defend_G","Survivor","Neutralize","Deflect","Bouncing Flask+1","Slice","Backstab","Poisoned Stab","Well Laid Plans+1","Escape Plan","Corpse Explosion","Bane+1","After Image","Backflip+1","Bane+1","Bouncing Flask+1","Catalyst+1","Acrobatics","PiercingWail","Wraith Form v2","Bouncing Flask+1"],"potion_use_per_floor":[[],[],[],[],[],["Swift Potion"],[],[],[],[],[],["SteroidPotion"],["BlessingOfTheForge","Poison Potion"],[],[],["FearPotion","LiquidMemories"],[],[],[],[],[],[],[],[],["SteroidPotion","CunningPotion"],[],["CunningPotion"],["PowerPotion"],[],[],[],[],["SkillPotion"],[],["GamblersBrew"],["Strength Potion","Block Potion"],[],[],["Block Potion","DuplicationPotion"]],"relics":["Ring of the Snake","White Beast Statue","Art of War","Pear","Empty Cage","Sling","Tingsha","Bag of Preparation","Busted Crown","Shovel","The Specimen"],"potions_floor_usage":[6,12,13,13,16,16,25,25,27,28,33,35,36,36,39,39],"damage_taken":[{"damage":0,"enemies":"Cultist","floor":1,"turns":4},{"damage":4,"enemies":"Jaw Worm","floor":2,"turns":3},{"damage":0,"enemies":"Small Slimes","floor":3,"turns":2},{"damage":2,"enemies":"Looter","floor":5,"turns":3},{"damage":13,"enemies":"Lagavulin","floor":6,"turns":6},{"damage":4,"enemies":"3 Louse","floor":7,"turns":3},{"damage":5,"enemies":"Red Slaver","floor":11,"turns":3},{"damage":5,"enemies":"Exordium Thugs","floor":12,"turns":3},{"damage":13,"enemies":"3 Sentries","floor":13,"turns":8},{"damage":0,"enemies":"Looter","floor":14,"turns":2},{"damage":0,"enemies":"Slime Boss","floor":16,"turns":3},{"damage":11,"enemies":"2 Thieves","floor":18,"turns":2},{"damage":1,"enemies":"Spheric Guardian","floor":19,"turns":5},{"damage":13,"enemies":"Snake Plant","floor":21,"turns":4},{"damage":0,"enemies":"Gremlin Leader","floor":25,"turns":5},{"damage":28,"enemies":"Shelled Parasite and Fungi","floor":27,"turns":5},{"damage":11,"enemies":"Centurion and Healer","floor":28,"turns":4},{"damage":3,"enemies":"Snecko","floor":30,"turns":5},{"damage":9,"enemies":"Sentry and Sphere","floor":31,"turns":5},{"damage":14,"enemies":"Collector","floor":33,"turns":6},{"damage":0,"enemies":"3 Darklings","floor":35,"turns":3},{"damage":37,"enemies":"2 Orb Walkers","floor":36,"turns":6},{"damage":0,"enemies":"Orb Walker","floor":37,"turns":3},{"damage":0,"enemies":"Mind Bloom Boss Battle","floor":38,"turns":3},{"damage":19,"enemies":"3 Darklings","floor":39,"turns":2}],"seed_played":"-5707036706460287718","neow_bonus_log":{"cardsObtained":["Deflect","Bouncing Flask"],"cardsUpgraded":[],"cardsRemoved":[],"cardsTransformed":["Strike_G","Defend_G"],"relicsObtained":[],"maxHpGained":0,"goldGained":0,"damageTaken":0,"goldLost":0,"maxHpLost":6},"potions_obtained":[{"floor":2,"key":"Swift Potion"},{"floor":7,"key":"Poison Potion"},{"floor":11,"key":"SteroidPotion"},{"floor":12,"key":"BlessingOfTheForge"},{"floor":13,"key":"LiquidMemories"},{"floor":14,"key":"FearPotion"},{"floor":16,"key":"CunningPotion"},{"floor":18,"key":"SteroidPotion"},{"floor":25,"key":"CunningPotion"},{"floor":27,"key":"PowerPotion"},{"floor":28,"key":"SmokeBomb"},{"floor":30,"key":"GamblersBrew"},{"floor":31,"key":"SkillPotion"},{"floor":33,"key":"Strength Potion"},{"floor":35,"key":"Block Potion"},{"floor":36,"key":"Fire Potion"},{"floor":37,"key":"Block Potion"},{"floor":38,"key":"DuplicationPotion"}],"is_trial":false,"path_per_floor":["M","M","M","T","M","E","M","R","T","R","M","M","E","M","R","B",null,"M","M","?","M","$","R","$","E","T","M","M","R","M","M","R","B",null,"M","?","M","?","M"],"character_chosen":"THE_SILENT","items_purchased":["Sling","Catalyst"],"campfire_rested":2,"item_purchase_floors":[22,24],"current_hp_per_floor":[59,55,55,55,53,40,36,36,36,36,31,26,23,23,23,23,58,47,46,46,33,33,54,54,54,54,26,15,36,33,24,24,10,55,55,18,18,18,0],"gold":368,"neow_bonus":"TRANSFORM_TWO_CARDS","is_prod":false,"is_daily":false,"rewards_skipped":[{"floor":19,"relics":[],"potions":["Explosive Potion"]},{"floor":21,"relics":[],"potions":["ColorlessPotion"]}],"chose_seed":false,"campfire_upgraded":4,"win_rate":0,"floor_exit_playtime":[544,609,693,760,828,984,1063,1071,1095,1116,1226,1321,1658,1705,1747,1965,2213,2303,2417,2476,2554,2613,2631,2740,2954,2961,3086,3149,3154,3306,3460,3467,3787,3914,4029,4185,4230,4323],"timestamp":1651253107,"blue_key_relic_skipped_log":{"floor":4,"relicID":"Tiny Chest"},"path_taken":["M","M","M","?","M","E","M","R","T","R","?","M","E","M","R","BOSS","M","?","?","M","$","R","$","E","T","M","M","R","M","?","R","BOSS","M","?","M","?","M"],"build_version":"2022-03-07","purchased_purges":1,"victory":false,"max_hp_per_floor":[60,60,60,60,60,60,60,60,60,60,60,60,70,70,70,70,70,70,70,70,70,70,70,70,70,70,70,70,70,70,70,70,70,70,70,70,70,70,70],"relic_stats":{"Busted Crown":8,"Shovel":0,"The Specimen":[0],"counters":[25,98],"Tingsha":[59],"Art of War":[16],"Bag of Preparation":[20],"obtain_stats":[{"Pear":13,"Busted Crown":34,"Shovel":36,"The Specimen":38,"Tingsha":25,"Art of War":9,"Bag of Preparation":26,"Empty Cage":17,"Sling":22,"White Beast Statue":6,"Ring of the Snake":0},{"Pear":9,"Busted Crown":20,"Shovel":22,"The Specimen":24,"Tingsha":15,"Art of War":6,"Bag of Preparation":15,"Empty Cage":11,"Sling":14,"White Beast Statue":5,"Ring of the Snake":0},{"Pear":35,"Busted Crown":81,"Shovel":90,"The Specimen":96,"Tingsha":56,"Art of War":21,"Bag of Preparation":56,"Empty Cage":40,"Sling":51,"White Beast Statue":18,"Ring of the Snake":0}],"White Beast Statue":[0.002400000000000001,0.0,0.12000000000000004,0.0,0.49360000000000015,0.0,0.3480000000000001,0.0,0.03600000000000001,0.0,0.0,9.509764864000003],"Ring of the Snake":[50]},"card_choices":[{"not_picked":["Backflip","Prepared"],"picked":"Slice","floor":1},{"not_picked":["Concentrate","Sucker Punch"],"picked":"Backstab","floor":2},{"not_picked":["Acrobatics","Cloak And Dagger"],"picked":"Poisoned Stab","floor":3},{"not_picked":["Blade Dance","Dodge and Roll","Slice"],"picked":"SKIP","floor":5},{"not_picked":["Caltrops","Endless Agony"],"picked":"Well Laid Plans","floor":6},{"not_picked":["Riddle With Holes","Slice","Quick Slash"],"picked":"SKIP","floor":7},{"not_picked":["Slice","Heel Hook"],"picked":"Escape Plan","floor":11},{"not_picked":["Slice","Outmaneuver","Accuracy"],"picked":"SKIP","floor":12},{"not_picked":["Poisoned Stab","Quick Slash"],"picked":"Corpse Explosion","floor":13},{"not_picked":["Slice","Deflect"],"picked":"Bane","floor":14},{"not_picked":["Night Terror","Phantasmal Killer"],"picked":"After Image","floor":16},{"not_picked":["PiercingWail","Blade Dance"],"picked":"Backflip+1","floor":18},{"not_picked":["Dagger Throw","Poisoned Stab+1"],"picked":"Bane+1","floor":19},{"not_picked":["Quick Slash","Dagger Spray","Cloak And Dagger"],"picked":"SKIP","floor":21},{"not_picked":["Endless Agony+1","Accuracy","Unload"],"picked":"SKIP","floor":25},{"not_picked":["Flying Knee","Bane","Slice"],"picked":"SKIP","floor":28},{"not_picked":["Crippling Poison","Accuracy+1"],"picked":"Acrobatics","floor":30},{"not_picked":["Dodge and Roll","Backflip"],"picked":"PiercingWail","floor":31},{"not_picked":["Phantasmal Killer","Adrenaline"],"picked":"Wraith Form v2","floor":33},{"not_picked":["Cloak And Dagger"],"picked":"SKIP","floor":35},{"not_picked":[],"picked":"Bouncing Flask+1","floor":38}],"player_experience":6801377,"relics_obtained":[{"floor":6,"key":"White Beast Statue"},{"floor":9,"key":"Art of War"},{"floor":13,"key":"Pear"},{"floor":25,"key":"Tingsha"},{"floor":26,"key":"Bag of Preparation"},{"floor":36,"key":"Shovel"},{"floor":38,"key":"The Specimen"}],"event_choices":[{"damage_healed":0,"gold_gain":0,"player_choice":"Copied","damage_taken":0,"max_hp_gain":0,"max_hp_loss":0,"event_name":"Duplicator","floor":20,"gold_loss":0,"cards_obtained":["Bouncing Flask"]},{"damage_healed":0,"gold_gain":0,"player_choice":"Fight","damage_taken":0,"max_hp_gain":0,"max_hp_loss":0,"event_name":"Mysterious Sphere","floor":36,"gold_loss":0},{"damage_healed":0,"gold_gain":0,"player_choice":"Fight","damage_taken":0,"max_hp_gain":0,"max_hp_loss":0,"event_name":"MindBloom","floor":38,"gold_loss":0}],"is_beta":false,"boss_relics":[{"not_picked":["Black Star","Velvet Choker"],"picked":"Empty Cage"},{"not_picked":["Runic Dome","HoveringKite"],"picked":"Busted Crown"}],"items_purged_floors":[22],"is_endless":false,"potions_floor_spawned":[2,7,11,12,13,14,16,18,19,21,25,27,28,30,31,33,35,36,37,38],"killed_by":"3 Darklings","ascension_level":20}