{"gold_per_floor":[113,128,146,46,66,66,93,104,104,124,124,135,35,70,70,149,149,161,161,176,3,3],"floor_reached":22,"playtime":1825,"items_purged":["Defend_G","Strike_G"],"score":396,"play_id":"103add4a-0049-49dc-8f62-c05c5368df11","local_time":"20220428180257","is_ascension_mode":true,"campfire_choices":[{"data":"Dagger Spray","floor":6,"key":"SMITH"},{"data":"Bouncing Flask","floor":15,"key":"SMITH"}],"neow_cost":"NONE","seed_source_timestamp":2007865564588800,"shop_contents":[{"floor":4,"relics":["CaptainsWheel","Prayer Wheel","Cauldron"],"cards":["Poisoned Stab","Cloak And Dagger","Backflip","After Image","Dark Shackles","Metamorphosis"],"potions":["Fire Potion","Weak Potion","Energy Potion"]},{"floor":13,"relics":["Shovel","Oddly Smooth Stone","PrismaticShard"],"cards":["Dagger Spray","Slice","Calculated Gamble","Bouncing Flask","Caltrops","Bandage Up","Magnetism"],"potions":["Swift Potion","GamblersBrew","FearPotion"]},{"floor":21,"relics":["CeramicFish","Tiny Chest"],"cards":["Flying Knee","Skewer","Deadly Poison","Malaise","Infinite Blades","Madness","Thinking Ahead"],"potions":["FairyPotion","SpeedPotion","Weak Potion"]}],"circlet_count":0,"master_deck":["AscendersBane","Strike_G","Strike_G","Strike_G","Strike_G","Defend_G","Defend_G","Defend_G","Defend_G","Survivor","Neutralize","Poisoned Stab","Underhanded Strike","Backflip","Dagger Spray+1","Underhanded Strike","Blade Dance","Prepared","Bouncing Flask+1","Corpse Explosion","Sucker Punch+1","Ghostly","Ghostly","Ghostly","Calculated Gamble"],"potion_use_per_floor":[[],[],[],[],[],[],["Poison Potion"],[],[],[],[],[],[],["Weak Potion"],[],["SkillPotion"],[],[],[],[],[],[]],"relics":["Ring of the Snake","PreservedInsect","Ninja Scroll","Blood Vial","Pantograph","Lantern","Runic Pyramid","Sling"],"potions_floor_usage":[7,14,16],"damage_taken":[{"damage":3,"enemies":"Cultist","floor":1,"turns":4},{"damage":3,"enemies":"2 Louse","floor":2,"turns":5},{"damage":2,"enemies":"Jaw Worm","floor":3,"turns":4},{"damage":15,"enemies":"Large Slime","floor":5,"turns":7},{"damage":1,"enemies":"Gremlin Nob","floor":7,"turns":3},{"damage":0,"enemies":"Gremlin Gang","floor":8,"turns":2},{"damage":8,"enemies":"Blue Slaver","floor":10,"turns":3},{"damage":2,"enemies":"2 Fungi Beasts","floor":12,"turns":2},{"damage":15,"enemies":"Lagavulin","floor":14,"turns":3},{"damage":24,"enemies":"The Guardian","floor":16,"turns":9},{"damage":0,"enemies":"Chosen","floor":18,"turns":3},{"damage":0,"enemies":"3 Byrds","floor":20,"turns":2},{"damage":39,"enemies":"Snecko","floor":22,"turns":4}],"seed_played":"7260011310178686176","neow_bonus_log":{"cardsObtained":[],"cardsUpgraded":[],"cardsRemoved":[],"cardsTransformed":[],"relicsObtained":["PreservedInsect"],"maxHpGained":0,"goldGained":0,"damageTaken":0,"goldLost":0,"maxHpLost":0},"potions_obtained":[{"floor":1,"key":"Weak Potion"},{"floor":5,"key":"Poison Potion"},{"floor":10,"key":"LiquidBronze"},{"floor":14,"key":"SkillPotion"},{"floor":16,"key":"BlessingOfTheForge"}],"is_trial":false,"path_per_floor":["M","M","M","$","M","R","E","M","T","M","T","M","$","E","R","B",null,"M","?","M","$","M"],"character_chosen":"THE_SILENT","items_purchased":["Dagger Spray","Sling"],"campfire_rested":0,"item_purchase_floors":[4,21],"current_hp_per_floor":[56,53,51,51,36,36,35,35,35,29,29,29,29,16,16,19,54,56,33,33,33,0],"gold":3,"neow_bonus":"RANDOM_COMMON_RELIC","is_prod":false,"is_daily":false,"rewards_skipped":[{"floor":18,"relics":[],"potions":["Energy Potion"]}],"chose_seed":false,"campfire_upgraded":2,"win_rate":0,"floor_exit_playtime":[315,409,459,514,635,643,734,802,808,876,891,979,1019,1073,1095,1272,1399,1492,1549,1627,1677],"timestamp":1651183377,"path_taken":["M","M","M","$","M","R","E","M","T","M","?","M","$","E","R","BOSS","M","?","M","$","M"],"build_version":"2022-03-07","purchased_purges":2,"victory":false,"max_hp_per_floor":[66,66,66,66,66,66,66,66,66,66,66,66,66,66,66,66,66,66,33,33,33,33],"relic_stats":{"Blood Vial":10,"counters":[13,51],"Pantograph":25,"PreservedInsect":51,"obtain_stats":[{"Blood Vial":9,"Lantern":14,"Ninja Scroll":7,"Pantograph":11,"PreservedInsect":0,"Sling":21,"Ring of the Snake":0,"Runic Pyramid":17},{"Blood Vial":6,"Lantern":9,"Ninja Scroll":5,"Pantograph":7,"PreservedInsect":0,"Sling":12,"Ring of the Snake":0,"Runic Pyramid":10},{"Blood Vial":25,"Lantern":33,"Ninja Scroll":23,"Pantograph":28,"PreservedInsect":0,"Sling":47,"Ring of the Snake":0,"Runic Pyramid":42}],"Ring of the Snake":[26]},"card_choices":[{"not_picked":["Choke","Leg Sweep"],"picked":"Poisoned Stab","floor":1},{"not_picked":["Deflect","Riddle With Holes"],"picked":"Underhanded Strike","floor":2},{"not_picked":["Slice","Bane"],"picked":"Backflip","floor":3},{"not_picked":["Distraction","Choke"],"picked":"Underhanded Strike","floor":5},{"not_picked":["Heel Hook","Burst","Dodge and Roll"],"picked":"SKIP","floor":7},{"not_picked":["Cloak And Dagger","Quick Slash"],"picked":"Blade Dance","floor":8},{"not_picked":["Outmaneuver","Bane"],"picked":"Prepared","floor":10},{"not_picked":["Bane","Masterful Stab"],"picked":"Bouncing Flask","floor":12},{"not_picked":["All Out Attack","Bane","Setup"],"picked":"SKIP","floor":14},{"not_picked":["Unload","Glass Knife"],"picked":"Corpse Explosion","floor":16},{"not_picked":["Blur","Prepared"],"picked":"Sucker Punch+1","floor":18},{"not_picked":["Noxious Fumes","Slice"],"picked":"Calculated Gamble","floor":20}],"player_experience":6794142,"relics_obtained":[{"floor":7,"key":"Ninja Scroll"},{"floor":9,"key":"Blood Vial"},{"floor":11,"key":"Pantograph"},{"floor":14,"key":"Lantern"}],"event_choices":[{"damage_healed":0,"gold_gain":0,"player_choice":"Became a Ghost","damage_taken":0,"max_hp_gain":0,"max_hp_loss":33,"event_name":"Ghosts","floor":19,"gold_loss":0,"cards_obtained":["Ghostly","Ghostly","Ghostly"]}],"is_beta":false,"boss_relics":[{"not_picked":["Philosopher\u0027s Stone","SacredBark"],"picked":"Runic Pyramid"}],"items_purged_floors":[4,13],"is_endless":false,"potions_floor_spawned":[1,5,10,14,16,18],"killed_by":"Snecko","ascension_level":20}