{"gold_per_floor":[115,115,115,129,37,37,48,75,128,167,194,216,228,165,177,260,272,297,343,375,387,415,445,457,486,566,578,625,14,31,48,48,126,126,145,70,70,292,311,340,365,395,419,450,450,461,479,499,499,499,499,499,499,5,40,40],"floor_reached":57,"playtime":8193,"items_purged":["Regret","Dagger Spray+1"],"score":2823,"play_id":"4da4f472-755c-4009-8a3c-fcf4ee153685","local_time":"20220505154043","is_ascension_mode":true,"campfire_choices":[{"data":"Noxious Fumes","floor":6,"key":"SMITH"},{"data":"Dagger Spray","floor":13,"key":"SMITH"},{"data":"Bouncing Flask","floor":15,"key":"SMITH"},{"floor":27,"key":"REST"},{"floor":32,"key":"REST"},{"data":"Calculated Gamble","floor":45,"key":"SMITH"},{"floor":49,"key":"RECALL"},{"data":"Adrenaline","floor":53,"key":"SMITH"}],"neow_cost":"NONE","seed_source_timestamp":1164976883364700,"shop_contents":[{"floor":5,"relics":["Sundial","Omamori","Cauldron"],"cards":["Poisoned Stab","Flying Knee","Concentrate","Acrobatics","Noxious Fumes","Dark Shackles","Secret Technique"],"potions":["Regen Potion","DistilledChaos","Energy Potion"]},{"floor":29,"relics":["Vajra","Shuriken","Chemical X"],"cards":["Dagger Throw","Sucker Punch","Tactician","Crippling Poison","Accuracy","Flash of Steel","Sadistic Nature"],"potions":["Poison Potion","EntropicBrew","Poison Potion"]},{"floor":54,"relics":["InkBottle","TungstenRod","Blue Candle"],"cards":["Skewer","Unload","Dodge and Roll","Crippling Poison","Well Laid Plans","Blind","Thinking Ahead"],"potions":["AttackPotion","EntropicBrew","ColorlessPotion"]}],"circlet_count":0,"master_deck":["AscendersBane","Defend_G","Defend_G","Defend_G","Defend_G","Defend_G","Survivor","Neutralize","Outmaneuver+1","Poisoned Stab","Noxious Fumes+1","Leg Sweep","Bane","Bouncing Flask+1","Adrenaline+1","PiercingWail","Heel Hook","Expertise","Bouncing Flask","Deflect","Calculated Gamble+1","Leg Sweep","Adrenaline","Backflip","Calculated Gamble+1","Terror","Reflex+1","Acrobatics","Reflex","Backflip","Reflex","Night Terror","Enlightenment","Night Terror"],"potion_use_per_floor":[[],[],[],[],[],[],[],[],[],["LiquidMemories","Fire Potion"],[],["FairyPotion"],[],[],[],[],[],[],["LiquidBronze"],[],[],[],[],[],[],[],[],[],[],[],["LiquidMemories"],[],["PowerPotion"],[],[],[],[],[],[],[],[],[],[],[],[],[],[],[],[],[],[],[],[],[],[],["PowerPotion","SkillPotion"],[]],"relics":["Ring of the Snake","The Courier","Oddly Smooth Stone","MawBank","Mercury Hourglass","Runic Pyramid","Red Mask","PreservedInsect","Incense Burner","Anchor","Mango","Coffee Dripper","HornCleat","Ice Cream","Pen Nib","Blood Vial","Tingsha","Toolbox"],"potions_floor_usage":[10,10,19,31,33,56,56],"damage_taken":[{"damage":5,"enemies":"Small Slimes","floor":1,"turns":8},{"damage":3,"enemies":"Cultist","floor":4,"turns":4},{"damage":0,"enemies":"2 Louse","floor":7,"turns":2},{"damage":30,"enemies":"Lagavulin","floor":8,"turns":8},{"damage":12,"enemies":"Gremlin Nob","floor":10,"turns":4},{"damage":0,"enemies":"Blue Slaver","floor":11,"turns":4},{"damage":21,"enemies":"Exordium Wildlife","floor":12,"turns":5},{"damage":8,"enemies":"Hexaghost","floor":16,"turns":8},{"damage":6,"enemies":"Shell Parasite","floor":18,"turns":6},{"damage":14,"enemies":"Masked Bandits","floor":19,"turns":5},{"damage":0,"enemies":"2 Thieves","floor":20,"turns":5},{"damage":19,"enemies":"Shelled Parasite and Fungi","floor":22,"turns":7},{"damage":1,"enemies":"Centurion and Healer","floor":23,"turns":6},{"damage":0,"enemies":"Snake Plant","floor":25,"turns":5},{"damage":3,"enemies":"Gremlin Leader","floor":28,"turns":6},{"damage":2,"enemies":"Snecko","floor":30,"turns":4},{"damage":2,"enemies":"Cultist and Chosen","floor":31,"turns":7},{"damage":6,"enemies":"Collector","floor":33,"turns":10},{"damage":0,"enemies":"Orb Walker","floor":35,"turns":4},{"damage":0,"enemies":"3 Shapes","floor":39,"turns":6},{"damage":0,"enemies":"Reptomancer","floor":40,"turns":6},{"damage":0,"enemies":"Mind Bloom Boss Battle","floor":41,"turns":6},{"damage":0,"enemies":"Nemesis","floor":42,"turns":9},{"damage":11,"enemies":"Reptomancer","floor":44,"turns":8},{"damage":0,"enemies":"Maw","floor":46,"turns":6},{"damage":0,"enemies":"Spire Growth","floor":47,"turns":6},{"damage":0,"enemies":"Transient","floor":48,"turns":6},{"damage":7,"enemies":"Donu and Deca","floor":50,"turns":11},{"damage":19,"enemies":"Time Eater","floor":51,"turns":15},{"damage":11,"enemies":"Shield and Spear","floor":55,"turns":6},{"damage":51,"enemies":"The Heart","floor":56,"turns":9}],"seed_played":"-4180041746472915463","neow_bonus_log":{"cardsObtained":["Outmaneuver"],"cardsUpgraded":[],"cardsRemoved":[],"cardsTransformed":["Strike_G"],"relicsObtained":[],"maxHpGained":0,"goldGained":0,"damageTaken":0,"goldLost":0,"maxHpLost":0},"potions_obtained":[{"floor":1,"key":"Fire Potion"},{"floor":7,"key":"LiquidMemories"},{"floor":11,"key":"FairyPotion"},{"floor":16,"key":"LiquidBronze"},{"floor":22,"key":"PowerPotion"},{"floor":28,"key":"LiquidMemories"},{"floor":31,"key":"PowerPotion"},{"floor":33,"key":"Block Potion"}],"is_trial":false,"path_per_floor":["M","?","?","M","$","R","M","E","T","E","M","M","R","?","R","B",null,"M","?","M","?","M","M","?","M","T","R","E","$","M","M","R","B",null,"M","?","?","?","M","E","?","E","T","E","R","M","M","M","R","B","B",null,"R","$","E","B",null],"character_chosen":"THE_SILENT","items_purchased":["Noxious Fumes","Incense Burner","Anchor","Mango","Toolbox","Reflex","Night Terror","Enlightenment","SkillPotion"],"campfire_rested":2,"item_purchase_floors":[5,29,29,29,54,54,54,54,54],"current_hp_per_floor":[54,54,54,51,51,51,51,21,21,9,9,17,17,17,17,9,52,46,32,32,32,13,12,12,12,12,31,28,42,40,38,62,56,74,74,74,74,74,74,74,74,74,74,65,65,67,69,71,71,66,49,72,72,72,63,14],"gold":40,"neow_bonus":"TRANSFORM_CARD","is_prod":false,"is_daily":false,"rewards_skipped":[{"floor":40,"relics":[],"potions":["Swift Potion"]},{"floor":41,"relics":[],"potions":["Strength Potion"]},{"floor":47,"relics":[],"potions":["Regen Potion"]},{"floor":55,"relics":["Ninja Scroll"],"potions":[]}],"chose_seed":false,"campfire_upgraded":5,"win_rate":0,"floor_exit_playtime":[260,288,352,413,437,547,584,774,780,994,1062,1234,1261,1273,1282,1392,1680,1804,2230,2408,2421,2675,2809,2812,2909,2914,2919,3227,3379,3485,3742,3788,4151,4207,4287,4323,4377,4381,4575,4841,4993,5136,5140,5438,5450,5607,5753,5995,5998,6400,6795,6807,6842,7046,7517,8193],"timestamp":1651779643,"blue_key_relic_skipped_log":{"floor":26,"relicID":"StrikeDummy"},"path_taken":["M","?","?","M","$","R","M","E","T","E","M","M","R","?","R","BOSS","M","?","?","?","M","M","?","M","T","R","E","$","M","M","R","BOSS","M","?","?","?","M","E","?","E","T","E","R","M","M","M","R","BOSS","BOSS","R","$","E","BOSS"],"build_version":"2022-03-07","purchased_purges":2,"victory":true,"max_hp_per_floor":[66,66,66,66,66,66,66,66,66,66,66,66,66,66,66,66,66,66,66,66,66,66,66,66,66,66,66,66,80,80,80,80,80,80,80,80,80,80,80,80,80,80,80,80,80,80,80,80,80,80,80,80,80,80,80,80],"relic_stats":{"Ice Cream":[312],"Blood Vial":16,"counters":[31,202],"Tingsha":[610],"The Courier":302,"PreservedInsect":251,"Pen Nib":[6],"MawBank":240,"obtain_stats":[{"Ice Cream":41,"Oddly Smooth Stone":8,"Mango":29,"Tingsha":44,"The Courier":2,"PreservedInsect":28,"Pen Nib":42,"Incense Burner":29,"MawBank":9,"Mercury Hourglass":10,"Blood Vial":43,"Anchor":29,"HornCleat":40,"Toolbox":54,"Red Mask":19,"Coffee Dripper":34,"Ring of the Snake":0,"Runic Pyramid":17},{"Ice Cream":22,"Oddly Smooth Stone":4,"Mango":15,"Tingsha":24,"The Courier":1,"PreservedInsect":15,"Pen Nib":23,"Incense Burner":15,"MawBank":4,"Mercury Hourglass":5,"Blood Vial":23,"Anchor":15,"HornCleat":21,"Toolbox":29,"Red Mask":10,"Coffee Dripper":18,"Ring of the Snake":0,"Runic Pyramid":8},{"Ice Cream":126,"Oddly Smooth Stone":22,"Mango":83,"Tingsha":143,"The Courier":8,"PreservedInsect":83,"Pen Nib":135,"Incense Burner":83,"MawBank":22,"Mercury Hourglass":26,"Blood Vial":135,"Anchor":83,"HornCleat":120,"Toolbox":187,"Red Mask":54,"Coffee Dripper":104,"Ring of the Snake":0,"Runic Pyramid":43}],"Ring of the Snake":[62],"Mercury Hourglass":[637]},"card_choices":[{"not_picked":["Sucker Punch","Caltrops"],"picked":"Poisoned Stab","floor":1},{"not_picked":["Riddle With Holes","Choke"],"picked":"Infinite Blades","floor":4},{"not_picked":["Quick Slash","Bane"],"picked":"Dagger Spray","floor":7},{"not_picked":["Skewer","Outmaneuver"],"picked":"Leg Sweep","floor":8},{"not_picked":["Bane","Crippling Poison","Flechettes"],"picked":"SKIP","floor":10},{"not_picked":["Outmaneuver","Doppelganger"],"picked":"Bane","floor":11},{"not_picked":["PiercingWail","Acrobatics"],"picked":"Bouncing Flask","floor":12},{"not_picked":["Corpse Explosion","Storm of Steel"],"picked":"Adrenaline","floor":16},{"not_picked":["Prepared","Sucker Punch+1"],"picked":"PiercingWail","floor":18},{"not_picked":["Acrobatics","Doppelganger"],"picked":"Heel Hook","floor":20},{"not_picked":["Bane","All Out Attack"],"picked":"Deflect","floor":22},{"not_picked":["Underhanded Strike","Bane","Choke"],"picked":"SKIP","floor":23},{"not_picked":["Bane","Blur"],"picked":"Calculated Gamble+1","floor":25},{"not_picked":["Tactician","Sucker Punch","Slice"],"picked":"SKIP","floor":28},{"not_picked":["Deadly Poison+1","Deflect"],"picked":"Leg Sweep","floor":30},{"not_picked":["Poisoned Stab","Underhanded Strike","Sucker Punch"],"picked":"SKIP","floor":31},{"not_picked":["Glass Knife","Die Die Die"],"picked":"Adrenaline","floor":33},{"not_picked":["Terror+1","Eviscerate"],"picked":"Backflip","floor":35},{"not_picked":["Sucker Punch","Deflect"],"picked":"Reflex+1","floor":39},{"not_picked":["Quick Slash","Skewer","Endless Agony+1"],"picked":"SKIP","floor":40},{"not_picked":["Blade Dance","All Out Attack"],"picked":"Acrobatics","floor":42},{"not_picked":["Dagger Spray","Blade Dance+1","Finisher"],"picked":"SKIP","floor":44},{"not_picked":["Cloak And Dagger","Dagger Throw"],"picked":"Reflex","floor":46},{"not_picked":["Infinite Blades","Dodge and Roll"],"picked":"Backflip","floor":47},{"not_picked":["Slice+1","Blade Dance+1","Bane"],"picked":"SKIP","floor":48},{"not_picked":["Dodge and Roll+1","Acrobatics"],"picked":"Night Terror","floor":55}],"player_experience":12822403,"relics_obtained":[{"floor":8,"key":"Oddly Smooth Stone"},{"floor":9,"key":"MawBank"},{"floor":10,"key":"Mercury Hourglass"},{"floor":19,"key":"Red Mask"},{"floor":28,"key":"PreservedInsect"},{"floor":40,"key":"HornCleat"},{"floor":41,"key":"Ice Cream"},{"floor":42,"key":"Pen Nib"},{"floor":43,"key":"Blood Vial"},{"floor":44,"key":"Tingsha"}],"event_choices":[{"damage_healed":0,"gold_gain":0,"player_choice":"Box","damage_taken":0,"relics_obtained":["The Courier"],"max_hp_gain":0,"max_hp_loss":0,"event_name":"Big Fish","floor":2,"gold_loss":0,"cards_obtained":["Regret"]},{"damage_healed":0,"gold_gain":0,"player_choice":"Ignored","damage_taken":0,"max_hp_gain":0,"max_hp_loss":0,"event_name":"Shining Light","floor":3,"gold_loss":0},{"cards_removed":["Strike_G"],"damage_healed":0,"gold_gain":0,"player_choice":"Card Removal","damage_taken":0,"max_hp_gain":0,"max_hp_loss":0,"event_name":"The Cleric","floor":14,"gold_loss":75},{"damage_healed":0,"gold_gain":0,"player_choice":"Fought Bandits","damage_taken":0,"max_hp_gain":0,"max_hp_loss":0,"event_name":"Masked Bandits","floor":19,"gold_loss":0},{"damage_healed":0,"gold_gain":0,"cards_transformed":["Strike_G","Strike_G"],"player_choice":"Became Test Subject","damage_taken":0,"max_hp_gain":0,"max_hp_loss":0,"event_name":"Drug Dealer","floor":21,"gold_loss":0,"cards_obtained":["Expertise","Bouncing Flask"]},{"damage_healed":0,"gold_gain":0,"player_choice":"Ignored","damage_taken":0,"max_hp_gain":0,"max_hp_loss":0,"event_name":"Cursed Tome","floor":24,"gold_loss":0},{"damage_healed":0,"gold_gain":0,"cards_transformed":["Strike_G","Infinite Blades"],"player_choice":"Transformed Cards","damage_taken":0,"max_hp_gain":0,"max_hp_loss":0,"event_name":"Designer","floor":36,"gold_loss":75,"cards_obtained":["Calculated Gamble","Terror"]},{"damage_healed":0,"gold_gain":0,"player_choice":"Upgraded","damage_taken":0,"max_hp_gain":0,"max_hp_loss":0,"event_name":"Upgrade Shrine","floor":37,"gold_loss":0,"cards_upgraded":["Outmaneuver"]},{"damage_healed":0,"gold_gain":222,"player_choice":"Wore Mask","damage_taken":0,"max_hp_gain":0,"max_hp_loss":0,"event_name":"Tomb of Lord Red Mask","floor":38,"gold_loss":0},{"damage_healed":0,"gold_gain":0,"player_choice":"Fight","damage_taken":0,"max_hp_gain":0,"max_hp_loss":0,"event_name":"MindBloom","floor":41,"gold_loss":0}],"is_beta":false,"boss_relics":[{"not_picked":["Astrolabe","Fusion Hammer"],"picked":"Runic Pyramid"},{"not_picked":["SlaversCollar","Tiny House"],"picked":"Coffee Dripper"}],"items_purged_floors":[5,54],"is_endless":false,"potions_floor_spawned":[1,7,11,16,22,28,31,33,40,41,47],"ascension_level":20,"potion_discard_per_floor":[[],[],[],[],[],[],[],[],[],[],[],[],[],[],[],[],[],[],[],[],[],[],[],[],[],[],[],[],[],[],[],[],[],[],[],[],[],[],[],[],[],[],[],[],[],[],[],[],[],[],[],[],[],["Block Potion"],[],[],[]]}