{"gold_per_floor":[116,13,13,29,48,48,67,67,92,92,131,131,152,172,172,262,262,278,278,301,51,71,71,87,131,155,169,194,194,31,46,46,136,136,161,185,185],"floor_reached":37,"playtime":3127,"items_purged":["Strike_G"],"score":915,"play_id":"62f06c46-2c1d-46f9-9629-003752ce20d1","local_time":"20220429141850","is_ascension_mode":true,"campfire_choices":[{"data":"Dagger Spray","floor":6,"key":"SMITH"},{"data":"Neutralize","floor":8,"key":"SMITH"},{"data":"Blade Dance","floor":10,"key":"SMITH"},{"data":"Blade Dance","floor":12,"key":"SMITH"},{"data":"Blade Dance","floor":15,"key":"SMITH"},{"data":"Terror","floor":23,"key":"SMITH"},{"floor":32,"key":"REST"}],"neow_cost":"NONE","seed_source_timestamp":2079510351784100,"shop_contents":[{"floor":2,"relics":["Pear","Mercury Hourglass","Cauldron"],"cards":["Slice","Underhanded Strike","Distraction","Caltrops","Purity","Secret Weapon"],"potions":["CultistPotion","Swift Potion","Explosive Potion"]},{"floor":21,"relics":["Gambling Chip","HandDrill"],"cards":["Eviscerate","Dagger Spray","PiercingWail","Noxious Fumes","PanicButton","Chrysalis"],"potions":["SpeedPotion","BlessingOfTheForge","BlessingOfTheForge"]},{"floor":30,"relics":["HornCleat","Shuriken","OrangePellets"],"cards":["Sucker Punch","Riddle With Holes","Expertise","Blade Dance","Well Laid Plans","Madness","Sadistic Nature"],"potions":["Weak Potion"]}],"circlet_count":0,"master_deck":["AscendersBane","Strike_G+1","Strike_G+1","Defend_G","Defend_G","Defend_G","Defend_G","Survivor","Neutralize+1","Blade Dance+1","Blade Dance+1","Blade Dance+1","Dagger Spray+1","Blade Dance","Acrobatics","PiercingWail","Terror+1","Flechettes","Predator+1","Flechettes+1","Finisher+1","PiercingWail","Venomology","Choke+1"],"potion_use_per_floor":[[],[],[],[],[],[],[],[],[],[],["Regen Potion"],[],[],[],[],["ColorlessPotion","SkillPotion"],[],[],[],[],[],[],[],[],["LiquidBronze"],[],["DuplicationPotion"],["Regen Potion"],[],[],["Poison Potion"],[],["SkillPotion","EntropicBrew","LiquidMemories","LiquidMemories"],[],["AttackPotion"],[],["FearPotion"]],"relics":["Ring of the Snake","Golden Idol","Whetstone","Bronze Scales","Empty Cage","PreservedInsect","Molten Egg 2","CultistMask","Philosopher\u0027s Stone"],"potions_floor_usage":[11,16,16,25,27,28,31,33,33,33,33,35,37],"damage_taken":[{"damage":6,"enemies":"Cultist","floor":1,"turns":5},{"damage":0,"enemies":"2 Louse","floor":4,"turns":3},{"damage":0,"enemies":"Jaw Worm","floor":5,"turns":3},{"damage":16,"enemies":"Exordium Thugs","floor":7,"turns":5},{"damage":14,"enemies":"3 Sentries","floor":11,"turns":7},{"damage":1,"enemies":"Looter","floor":13,"turns":3},{"damage":0,"enemies":"Large Slime","floor":14,"turns":4},{"damage":17,"enemies":"Slime Boss","floor":16,"turns":7},{"damage":15,"enemies":"Shell Parasite","floor":18,"turns":4},{"damage":3,"enemies":"Spheric Guardian","floor":20,"turns":3},{"damage":25,"enemies":"Shelled Parasite and Fungi","floor":22,"turns":4},{"damage":18,"enemies":"Centurion and Healer","floor":24,"turns":7},{"damage":11,"enemies":"Book of Stabbing","floor":25,"turns":3},{"damage":8,"enemies":"3 Cultists","floor":27,"turns":4},{"damage":13,"enemies":"Snake Plant","floor":28,"turns":4},{"damage":0,"enemies":"Cultist and Chosen","floor":31,"turns":3},{"damage":0,"enemies":"Automaton","floor":33,"turns":2},{"damage":13,"enemies":"3 Shapes","floor":35,"turns":6},{"damage":0,"enemies":"Orb Walker","floor":36,"turns":3},{"damage":46,"enemies":"Spire Growth","floor":37,"turns":3}],"seed_played":"-8040503730367199206","neow_bonus_log":{"cardsObtained":[],"cardsUpgraded":[],"cardsRemoved":["Strike_G"],"cardsTransformed":[],"relicsObtained":[],"maxHpGained":0,"goldGained":0,"damageTaken":0,"goldLost":0,"maxHpLost":0},"potions_obtained":[{"floor":5,"key":"Regen Potion"},{"floor":13,"key":"ColorlessPotion"},{"floor":14,"key":"SkillPotion"},{"floor":16,"key":"LiquidBronze"},{"floor":18,"key":"DuplicationPotion"},{"floor":27,"key":"Regen Potion"},{"floor":31,"key":"SkillPotion"},{"floor":33,"key":"AttackPotion"},{"floor":36,"key":"FearPotion"}],"is_trial":false,"path_per_floor":["M","$","?","M","M","R","M","R","T","R","E","R","M","M","R","B",null,"M","?","M","$","M","R","M","E","T","M","M","?","$","M","R","B",null,"M","M","M"],"character_chosen":"THE_SILENT","items_purchased":["Blade Dance","PreservedInsect","Terror","EntropicBrew","Poison Potion"],"campfire_rested":1,"item_purchase_floors":[2,21,21,30,30],"current_hp_per_floor":[53,53,53,53,53,53,37,37,37,37,38,38,37,37,37,20,50,35,70,67,67,42,42,24,13,13,5,4,4,4,4,25,25,59,46,46,0],"gold":185,"neow_bonus":"REMOVE_CARD","is_prod":false,"is_daily":false,"rewards_skipped":[],"chose_seed":false,"campfire_upgraded":6,"win_rate":0,"floor_exit_playtime":[122,203,209,259,329,339,439,460,494,507,673,680,717,798,819,1065,1243,1328,1360,1421,1519,1790,1796,1905,2016,2021,2088,2166,2193,2256,2354,2358,2568,2941,3031,3079],"timestamp":1651256330,"blue_key_relic_skipped_log":{"floor":26,"relicID":"Dream Catcher"},"path_taken":["M","?","?","M","M","R","M","R","T","R","E","R","M","M","R","BOSS","M","?","M","$","M","R","?","E","T","M","M","?","$","M","R","BOSS","M","M","M"],"build_version":"2022-03-07","purchased_purges":1,"victory":false,"max_hp_per_floor":[66,66,60,60,60,60,60,60,60,60,60,60,60,60,60,60,60,60,70,70,70,70,70,70,70,70,70,70,70,70,70,70,70,70,70,70,70],"relic_stats":{"counters":[20,83],"Golden Idol":108,"Bronze Scales":[96],"PreservedInsect":43,"Whetstone":["Strike_G","Strike_G"],"obtain_stats":[{"Golden Idol":3,"Bronze Scales":11,"Molten Egg 2":25,"Philosopher\u0027s Stone":34,"PreservedInsect":21,"CultistMask":29,"Whetstone":9,"Empty Cage":17,"Ring of the Snake":0},{"Golden Idol":1,"Bronze Scales":5,"Molten Egg 2":13,"Philosopher\u0027s Stone":17,"PreservedInsect":10,"CultistMask":15,"Whetstone":4,"Empty Cage":8,"Ring of the Snake":0},{"Golden Idol":5,"Bronze Scales":23,"Molten Egg 2":58,"Philosopher\u0027s Stone":71,"PreservedInsect":44,"CultistMask":66,"Whetstone":16,"Empty Cage":37,"Ring of the Snake":0}],"Ring of the Snake":[40]},"card_choices":[{"not_picked":["Quick Slash","Endless Agony"],"picked":"Blade Dance","floor":1},{"not_picked":["Sucker Punch","Eviscerate"],"picked":"Blade Dance","floor":4},{"not_picked":["Caltrops","Backflip"],"picked":"Dagger Spray","floor":5},{"not_picked":["Concentrate","Masterful Stab"],"picked":"Blade Dance","floor":7},{"not_picked":["Night Terror","Slice","Underhanded Strike"],"picked":"SKIP","floor":11},{"not_picked":["Night Terror","Slice","Underhanded Strike"],"picked":"SKIP","floor":11},{"not_picked":["Caltrops","Concentrate","Underhanded Strike"],"picked":"SKIP","floor":13},{"not_picked":["Skewer","Crippling Poison"],"picked":"Acrobatics","floor":14},{"not_picked":["Tools of the Trade","Burst"],"picked":"Adrenaline","floor":16},{"not_picked":["Poisoned Stab","Backflip","Dagger Spray"],"picked":"SKIP","floor":18},{"not_picked":["Poisoned Stab","Backflip","Dagger Spray"],"picked":"SKIP","floor":18},{"not_picked":["Sucker Punch+1","Quick Slash"],"picked":"PiercingWail","floor":20},{"not_picked":["Outmaneuver","All Out Attack"],"picked":"Flechettes","floor":22},{"not_picked":["Flying Knee","Bane","Dodge and Roll+1"],"picked":"SKIP","floor":24},{"not_picked":["Tools of the Trade","Distraction"],"picked":"Predator+1","floor":25},{"not_picked":["Backstab+1","Sucker Punch+1"],"picked":"Flechettes+1","floor":27},{"not_picked":["Infinite Blades","Deflect"],"picked":"Finisher+1","floor":28},{"not_picked":["Skewer+1","Cloak And Dagger+1"],"picked":"PiercingWail","floor":31},{"not_picked":["Storm of Steel","Night Terror"],"picked":"Venomology","floor":33},{"not_picked":["Catalyst+1","Acrobatics"],"picked":"Choke+1","floor":35},{"not_picked":["Dagger Spray+1","Acrobatics","Blade Dance"],"picked":"SKIP","floor":36}],"player_experience":6805781,"relics_obtained":[{"floor":9,"key":"Whetstone"},{"floor":11,"key":"Bronze Scales"},{"floor":25,"key":"Molten Egg 2"}],"event_choices":[{"damage_healed":0,"gold_gain":0,"player_choice":"Lose Max HP","damage_taken":0,"relics_obtained":["Golden Idol"],"max_hp_gain":0,"max_hp_loss":6,"event_name":"Golden Idol","floor":3,"gold_loss":0},{"cards_removed":["Adrenaline"],"damage_healed":25,"gold_gain":0,"player_choice":"Offered Rare","damage_taken":0,"max_hp_gain":10,"max_hp_loss":0,"event_name":"Bonfire Elementals","floor":19,"gold_loss":0},{"damage_healed":0,"gold_gain":0,"player_choice":"Trade","damage_taken":0,"relics_obtained":["CultistMask"],"max_hp_gain":0,"max_hp_loss":0,"event_name":"FaceTrader","floor":29,"gold_loss":0}],"is_beta":false,"boss_relics":[{"not_picked":["Ring of the Serpent","Fusion Hammer"],"picked":"Empty Cage"},{"not_picked":["Pandora\u0027s Box","Sozu"],"picked":"Philosopher\u0027s Stone"}],"items_purged_floors":[2],"is_endless":false,"potions_floor_spawned":[5,13,14,16,18,27,31,33,36],"killed_by":"Spire Growth","ascension_level":20}