{"gold_per_floor":[113,388,402,39,339,365,96,128,128,128,128,163,6,26,26,113,113,139,148,171,221,248,282,298,333,333,333,375,399,439,92,92,176,176,198,223,17,17,39,65,65,98,98,134,134,134,154,173,173,173,173,173,173,0,36,36],"floor_reached":57,"playtime":4986,"items_purged":["Regret","Strike_G","Well Laid Plans+1","Strike_G+1"],"score":3647,"play_id":"f205ee31-521b-4e71-b3bd-21e6ad4eae35","local_time":"20220429162726","is_ascension_mode":true,"campfire_choices":[{"data":"Well Laid Plans","floor":10,"key":"SMITH"},{"data":"Terror","floor":15,"key":"SMITH"},{"data":"Neutralize","floor":27,"key":"SMITH"},{"data":"Adrenaline","floor":32,"key":"SMITH"},{"floor":41,"key":"RECALL"},{"data":"1","floor":45,"key":"LIFT"},{"data":"2","floor":49,"key":"LIFT"},{"data":"3","floor":53,"key":"LIFT"}],"neow_cost":"NONE","seed_source_timestamp":2085343267666400,"shop_contents":[{"floor":4,"relics":["Singing Bowl","Lee\u0027s Waffle"],"cards":["Masterful Stab","Flying Knee","Outmaneuver","Phantasmal Killer","Caltrops","Bandage Up","Chrysalis"],"potions":["Fire Potion","Energy Potion","Block Potion"]},{"floor":7,"relics":["Eternal Feather","Cauldron"],"cards":["Poisoned Stab","Slice","Catalyst","Cloak And Dagger","Caltrops","Forethought","Metamorphosis"],"potions":["Energy Potion","Weak Potion","SkillPotion"]},{"floor":13,"relics":["The Specimen","InkBottle"],"cards":["Bane","Dash","PiercingWail","Deflect","Infinite Blades","Forethought","Magnetism"],"potions":["Energy Potion","Swift Potion","LiquidMemories"]},{"floor":31,"relics":["Tingsha","TheAbacus"],"cards":["Dagger Spray","Tactician","Caltrops","Mayhem"],"potions":["Poison Potion","DistilledChaos"]},{"floor":37,"relics":["Ancient Tea Set","Chemical X"],"cards":["Endless Agony","Predator","Footwork","Blind","Apotheosis"],"potions":["ColorlessPotion","SteroidPotion","DuplicationPotion"]},{"floor":54,"relics":["Letter Opener","Sling"],"cards":["Flying Knee","Riddle With Holes","Escape Plan","Infinite Blades","PanicButton","Panache"],"potions":["Weak Potion","Fruit Juice","EntropicBrew"]}],"circlet_count":0,"master_deck":["AscendersBane","Strike_G+1","Strike_G+1","Strike_G+1","Defend_G+1","Defend_G+1","Defend_G+1","Defend_G+1","Defend_G+1","Survivor+1","Neutralize+1","Terror+1","Dagger Throw+1","Eviscerate+1","Backflip+1","Glass Knife+1","All Out Attack+1","RitualDagger+1","Concentrate+1","Backflip+1","Corpse Explosion+1","Adrenaline+1","Slice+1","Sucker Punch+1","Eviscerate+1","Blade Dance+1","Finesse+1","Glass Knife+1","Reflex+1","Blade Dance+1","Reflex+1","Acrobatics+1","Dagger Throw+1","Dodge and Roll+1","Flechettes+1","Deflect","Prepared+1"],"potion_use_per_floor":[[],[],[],[],[],[],[],["CunningPotion","SteroidPotion"],[],[],[],[],[],[],[],[],[],[],[],[],[],[],[],[],["Swift Potion"],[],[],["GamblersBrew"],[],[],[],[],[],[],[],[],[],[],[],[],[],[],[],[],[],[],[],[],[],[],[],[],[],[],[],["GhostInAJar","EntropicBrew","Ancient Potion","SteroidPotion"],[]],"relics":["Ring of the Snake","NeowsBlessing","Molten Egg 2","Old Coin","Matryoshka","Happy Flower","Akabeko","Pantograph","CeramicFish","Membership Card","Runic Pyramid","Kunai","Tiny Chest","Oddly Smooth Stone","Ornamental Fan","Pear","Snake Skull","Paper Crane","Cursed Key","Calipers","Mark of the Bloom","Mango","Sundial","Girya","Nunchaku","Vajra"],"potions_floor_usage":[8,8,25,28,56,56,56,56],"damage_taken":[{"damage":0,"enemies":"2 Louse","floor":1,"turns":1},{"damage":0,"enemies":"Cultist","floor":3,"turns":1},{"damage":0,"enemies":"Lagavulin","floor":6,"turns":1},{"damage":7,"enemies":"3 Sentries","floor":8,"turns":5},{"damage":2,"enemies":"Lagavulin","floor":12,"turns":5},{"damage":0,"enemies":"Jaw Worm","floor":14,"turns":1},{"damage":0,"enemies":"The Guardian","floor":16,"turns":13},{"damage":3,"enemies":"Spheric Guardian","floor":18,"turns":3},{"damage":11,"enemies":"2 Thieves","floor":20,"turns":5},{"damage":0,"enemies":"Shelled Parasite and Fungi","floor":22,"turns":3},{"damage":1,"enemies":"Slavers","floor":23,"turns":6},{"damage":0,"enemies":"Centurion and Healer","floor":24,"turns":3},{"damage":0,"enemies":"Book of Stabbing","floor":25,"turns":2},{"damage":4,"enemies":"Slavers","floor":28,"turns":4},{"damage":1,"enemies":"Cultist and Chosen","floor":29,"turns":5},{"damage":0,"enemies":"Gremlin Leader","floor":30,"turns":2},{"damage":0,"enemies":"Collector","floor":33,"turns":6},{"damage":0,"enemies":"3 Darklings","floor":35,"turns":5},{"damage":0,"enemies":"3 Shapes","floor":36,"turns":2},{"damage":0,"enemies":"Writhing Mass","floor":39,"turns":4},{"damage":0,"enemies":"Reptomancer","floor":40,"turns":2},{"damage":0,"enemies":"Giant Head","floor":42,"turns":4},{"damage":5,"enemies":"Reptomancer","floor":44,"turns":5},{"damage":0,"enemies":"Maw","floor":47,"turns":4},{"damage":0,"enemies":"Transient","floor":48,"turns":6},{"damage":0,"enemies":"Donu and Deca","floor":50,"turns":4},{"damage":11,"enemies":"Time Eater","floor":51,"turns":7},{"damage":11,"enemies":"Shield and Spear","floor":55,"turns":5},{"damage":23,"enemies":"The Heart","floor":56,"turns":7}],"seed_played":"7535923114455926149","neow_bonus_log":{"cardsObtained":[],"cardsUpgraded":[],"cardsRemoved":[],"cardsTransformed":[],"relicsObtained":["NeowsBlessing"],"maxHpGained":0,"goldGained":0,"damageTaken":0,"goldLost":0,"maxHpLost":0},"potions_obtained":[{"floor":1,"key":"CunningPotion"},{"floor":3,"key":"SteroidPotion"},{"floor":8,"key":"Swift Potion"},{"floor":16,"key":"Explosive Potion"},{"floor":18,"key":"GamblersBrew"},{"floor":28,"key":"Dexterity Potion"},{"floor":44,"key":"Dexterity Potion"},{"floor":48,"key":"EntropicBrew"}],"is_trial":false,"path_per_floor":["M","?","M","$","?","E","$","E","T","R","?","E","$","M","R","B",null,"M","?","M","?","M","E","M","E","T","R","E","M","E","$","R","B",null,"M","M","$","?","M","E","R","E","T","E","R","?","M","M","R","B","B",null,"R","$","E","B",null],"character_chosen":"THE_SILENT","items_purchased":["Molten Egg 2","Happy Flower","Membership Card","Paper Crane","Eviscerate+1","Blade Dance","Finesse","GhostInAJar","Reflex","Acrobatics","Calipers","Nunchaku","Deflect"],"campfire_rested":0,"item_purchase_floors":[4,7,13,31,31,31,31,31,37,37,37,54,54],"current_hp_per_floor":[59,59,59,59,48,48,48,41,41,41,46,44,44,44,44,69,71,68,62,51,44,44,43,43,43,43,43,49,48,48,48,48,73,79,79,79,79,79,79,79,79,79,79,74,74,74,74,74,74,74,63,63,63,63,52,29],"gold":36,"neow_bonus":"THREE_ENEMY_KILL","is_prod":false,"is_daily":false,"rewards_skipped":[{"floor":22,"relics":[],"potions":["LiquidBronze"]},{"floor":24,"relics":[],"potions":["ColorlessPotion"]},{"floor":35,"relics":[],"potions":["Ancient Potion"]},{"floor":39,"relics":[],"potions":["Ancient Potion"]},{"floor":47,"relics":[],"potions":["Explosive Potion"]}],"chose_seed":false,"campfire_upgraded":4,"win_rate":0,"floor_exit_playtime":[67,82,144,226,242,299,379,535,546,558,573,679,706,744,775,1016,1132,1217,1261,1359,1378,1470,1768,1868,1955,1993,2007,2232,2340,2409,2504,2515,2668,2770,2895,2928,3025,3104,3210,3322,3328,3457,3473,3680,3690,3697,3801,3945,3951,4102,4354,4372,4379,4458,4673,4986],"timestamp":1651264046,"blue_key_relic_skipped_log":{"floor":9,"relicID":"Blue Candle"},"path_taken":["M","?","?","$","?","E","$","E","T","R","?","E","?","M","R","BOSS","M","?","M","?","M","E","M","E","T","R","E","?","E","$","R","BOSS","M","M","$","?","M","E","R","E","T","E","R","?","M","M","R","BOSS","BOSS","R","$","E","BOSS"],"build_version":"2022-03-07","purchased_purges":4,"victory":true,"max_hp_per_floor":[66,66,66,66,66,66,66,66,66,66,71,71,71,71,71,71,71,71,71,71,71,71,71,71,71,71,71,81,81,81,81,81,81,81,81,81,81,81,81,95,95,95,95,95,95,95,95,95,95,95,95,95,95,95,95,95],"relic_stats":{"Girya":3,"Mark of the Bloom":113,"Calipers":[392],"Happy Flower":[39],"counters":[29,121],"CeramicFish":207,"Snake Skull":[8],"Cursed Key":0,"Nunchaku":[4],"Matryoshka":2,"Ornamental Fan":[280],"Sundial":[2],"Pantograph":50,"Tiny Chest":0,"Membership Card":774,"Kunai":[72],"obtain_stats":[{"Mark of the Bloom":38,"Calipers":37,"CeramicFish":12,"Vajra":55,"Mango":40,"Snake Skull":30,"Cursed Key":34,"Old Coin":5,"Nunchaku":54,"Matryoshka":6,"Sundial":42,"Pantograph":9,"Tiny Chest":25,"Kunai":23,"Ring of the Snake":0,"Runic Pyramid":17,"Girya":44,"Pear":28,"NeowsBlessing":0,"Happy Flower":7,"Oddly Smooth Stone":26,"Paper Crane":31,"Akabeko":8,"Ornamental Fan":26,"Molten Egg 2":4,"Membership Card":13},{"Mark of the Bloom":19,"Calipers":19,"CeramicFish":5,"Vajra":28,"Mango":21,"Snake Skull":16,"Cursed Key":17,"Old Coin":2,"Nunchaku":27,"Matryoshka":3,"Sundial":22,"Pantograph":4,"Tiny Chest":13,"Kunai":11,"Ring of the Snake":0,"Runic Pyramid":7,"Girya":23,"Pear":14,"NeowsBlessing":0,"Happy Flower":3,"Oddly Smooth Stone":13,"Paper Crane":16,"Akabeko":4,"Ornamental Fan":13,"Molten Egg 2":2,"Membership Card":5},{"Mark of the Bloom":73,"Calipers":73,"CeramicFish":13,"Vajra":114,"Mango":79,"Snake Skull":60,"Cursed Key":66,"Old Coin":2,"Nunchaku":109,"Matryoshka":3,"Sundial":83,"Pantograph":8,"Tiny Chest":49,"Kunai":44,"Ring of the Snake":0,"Runic Pyramid":27,"Girya":88,"Pear":53,"NeowsBlessing":0,"Happy Flower":3,"Oddly Smooth Stone":49,"Paper Crane":60,"Akabeko":8,"Ornamental Fan":49,"Molten Egg 2":2,"Membership Card":13}],"Ring of the Snake":[58]},"card_choices":[{"not_picked":["Expertise","Noxious Fumes"],"picked":"Terror","floor":1},{"not_picked":["Infinite Blades","Dagger Spray"],"picked":"Dagger Throw","floor":3},{"not_picked":["Venomology","Deadly Poison"],"picked":"Eviscerate+1","floor":6},{"not_picked":["Eviscerate+1","Deflect"],"picked":"Well Laid Plans","floor":8},{"not_picked":["Deadly Poison","Deflect","Concentrate"],"picked":"SKIP","floor":12},{"not_picked":["Deflect","Slice+1"],"picked":"Backflip","floor":14},{"not_picked":["Die Die Die+1","Phantasmal Killer"],"picked":"Glass Knife+1","floor":16},{"not_picked":["Acrobatics","Bane+1"],"picked":"All Out Attack+1","floor":18},{"not_picked":["Acrobatics","Dagger Throw+1"],"picked":"Concentrate+1","floor":20},{"not_picked":["Cloak And Dagger","Deadly Poison"],"picked":"Backflip","floor":22},{"not_picked":["Noxious Fumes","Dodge and Roll"],"picked":"Corpse Explosion","floor":23},{"not_picked":["Finisher+1","Underhanded Strike+1","Deadly Poison"],"picked":"SKIP","floor":24},{"not_picked":["Finisher+1","Underhanded Strike+1","Deadly Poison"],"picked":"SKIP","floor":24},{"not_picked":["Dodge and Roll","Flying Knee+1","Deadly Poison"],"picked":"SKIP","floor":25},{"not_picked":["Outmaneuver","PiercingWail"],"picked":"Adrenaline","floor":28},{"not_picked":["Outmaneuver","All Out Attack+1"],"picked":"Slice+1","floor":29},{"not_picked":["Dagger Throw+1","Poisoned Stab+1"],"picked":"Sucker Punch+1","floor":30},{"not_picked":["Tools of the Trade","After Image"],"picked":"Glass Knife+1","floor":33},{"not_picked":["Dodge and Roll","Deadly Poison"],"picked":"Reflex","floor":35},{"not_picked":["Infinite Blades+1","Flying Knee+1"],"picked":"Blade Dance","floor":36},{"not_picked":["Quick Slash+1","Underhanded Strike+1"],"picked":"Dagger Throw+1","floor":39},{"not_picked":["Predator+1","Poisoned Stab+1","Backstab+1"],"picked":"SKIP","floor":40},{"not_picked":["A Thousand Cuts","Bouncing Flask","Glass Knife+1"],"picked":"SKIP","floor":42},{"not_picked":["Outmaneuver","Crippling Poison"],"picked":"Dodge and Roll+1","floor":44},{"not_picked":["Dash+1","Dagger Spray+1","Infinite Blades"],"picked":"SKIP","floor":47},{"not_picked":["Reflex+1","Cloak And Dagger+1"],"picked":"Flechettes+1","floor":48},{"not_picked":["Backflip","Infinite Blades"],"picked":"Prepared+1","floor":55}],"player_experience":6810914,"relics_obtained":[{"floor":6,"key":"Matryoshka"},{"floor":8,"key":"Akabeko"},{"floor":9,"key":"Pantograph"},{"floor":12,"key":"CeramicFish"},{"floor":23,"key":"Kunai"},{"floor":25,"key":"Tiny Chest"},{"floor":26,"key":"Oddly Smooth Stone"},{"floor":26,"key":"Ornamental Fan"},{"floor":28,"key":"Pear"},{"floor":30,"key":"Snake Skull"},{"floor":40,"key":"Mango"},{"floor":42,"key":"Sundial"},{"floor":44,"key":"Girya"},{"floor":55,"key":"Vajra"}],"event_choices":[{"damage_healed":0,"gold_gain":275,"player_choice":"Desecrate","damage_taken":0,"max_hp_gain":0,"max_hp_loss":0,"event_name":"Golden Shrine","floor":2,"gold_loss":0,"cards_obtained":["Regret"]},{"damage_healed":0,"gold_gain":0,"player_choice":"Success","damage_taken":11,"relics_obtained":["Old Coin"],"max_hp_gain":0,"max_hp_loss":0,"event_name":"Scrap Ooze","floor":5,"gold_loss":0},{"damage_healed":0,"gold_gain":0,"player_choice":"Donut","damage_taken":0,"max_hp_gain":5,"max_hp_loss":0,"event_name":"Big Fish","floor":11,"gold_loss":0},{"damage_healed":0,"gold_gain":0,"player_choice":"Joined the Cult","damage_taken":6,"max_hp_gain":0,"max_hp_loss":0,"event_name":"Nest","floor":19,"gold_loss":0,"cards_obtained":["RitualDagger"]},{"damage_healed":0,"gold_gain":50,"player_choice":"Touch","damage_taken":7,"max_hp_gain":0,"max_hp_loss":0,"event_name":"FaceTrader","floor":21,"gold_loss":0},{"damage_healed":0,"gold_gain":0,"player_choice":"Upgrade","damage_taken":0,"relics_obtained":["Mark of the Bloom"],"max_hp_gain":0,"max_hp_loss":0,"event_name":"MindBloom","floor":38,"gold_loss":0,"cards_upgraded":["Strike_G","Strike_G","Strike_G","Strike_G","Defend_G","Defend_G","Defend_G","Defend_G","Defend_G","Survivor","Dagger Throw","Backflip","Backflip","Corpse Explosion","Blade Dance","Finesse","Reflex","Blade Dance","Reflex","Acrobatics"]},{"damage_healed":0,"gold_gain":0,"player_choice":"Ignored","damage_taken":0,"max_hp_gain":0,"max_hp_loss":0,"event_name":"Tomb of Lord Red Mask","floor":46,"gold_loss":0}],"is_beta":false,"boss_relics":[{"not_picked":["Empty Cage","Velvet Choker"],"picked":"Runic Pyramid"},{"not_picked":["Black Star","HoveringKite"],"picked":"Cursed Key"}],"items_purged_floors":[4,7,31,54],"is_endless":false,"potions_floor_spawned":[1,3,8,16,18,22,24,28,35,39,44,47,48],"ascension_level":20}