{"gold_per_floor":[360,379,1,14,14,14,46,46,101,101,132,151,164,183,183,262,262,240,255,255,255,271,271,304,304,327,355,355,12,37,157,157,232,232,252,252,103,117,54,54,85,85,85,85,85,85,100,129,129,129,129],"floor_reached":51,"playtime":4393,"items_purged":["Strike_G+1"],"score":1523,"play_id":"5d1a9311-a3e8-4186-b53d-cc648f8125f0","local_time":"20220503163136","is_ascension_mode":true,"campfire_choices":[{"data":"Crippling Poison","floor":6,"key":"SMITH"},{"data":"Deadly Poison","floor":8,"key":"SMITH"},{"data":"Neutralize","floor":10,"key":"SMITH"},{"data":"Dagger Spray","floor":15,"key":"SMITH"},{"data":"Calculated Gamble","floor":23,"key":"SMITH"},{"data":"Die Die Die","floor":25,"key":"SMITH"},{"data":"Expertise","floor":28,"key":"SMITH"},{"data":"1","floor":32,"key":"LIFT"},{"data":"2","floor":40,"key":"LIFT"},{"floor":42,"key":"RECALL"},{"data":"Footwork","floor":44,"key":"SMITH"},{"data":"Acrobatics","floor":46,"key":"SMITH"},{"data":"Catalyst","floor":49,"key":"SMITH"}],"neow_cost":"TEN_PERCENT_HP_LOSS","seed_source_timestamp":2431775355550600,"shop_contents":[{"floor":3,"relics":["Akabeko"],"cards":["Flechettes","Choke","Terror","Well Laid Plans","Dark Shackles","Secret Technique"],"potions":["SpeedPotion","Swift Potion","DistilledChaos"]},{"floor":29,"relics":["Whetstone","Bottled Lightning","Matryoshka"],"cards":["Poisoned Stab","Choke","Prepared","Cloak And Dagger","Infinite Blades","Jack Of All Trades","Metamorphosis"],"potions":["Dexterity Potion","CultistPotion","SkillPotion"]},{"floor":37,"relics":["Prayer Wheel","HornCleat","Cauldron"],"cards":["Slice","Predator","Dodge and Roll","Deflect","Noxious Fumes","Deep Breath","The Bomb"],"potions":["EssenceOfSteel","DistilledChaos","EntropicBrew"]},{"floor":39,"relics":["Pocketwatch","Potion Belt","Orrery"],"cards":["Poisoned Stab","Dagger Spray","Deadly Poison","PiercingWail","Footwork","Mind Blast","Panache"],"potions":["AttackPotion","SpeedPotion","SpeedPotion"]}],"circlet_count":0,"master_deck":["AscendersBane","Defend_G+1","Defend_G+1","Defend_G+1","Defend_G+1","Defend_G+1","Survivor","Neutralize+1","Deadly Poison+1","Flying Knee","Crippling Poison+1","Dagger Spray+1","Calculated Gamble+1","Die Die Die+1","Envenom+1","Concentrate+1","Quick Slash+1","PiercingWail","PiercingWail","Expertise+1","Acrobatics+1","Adrenaline","Deflect+1","Eviscerate+1","Footwork+1","Backflip","Neutralize+1","Catalyst+1","Heel Hook+1"],"potion_use_per_floor":[[],[],[],[],[],[],["ColorlessPotion"],[],[],[],["CunningPotion"],[],[],[],[],["ColorlessPotion","DistilledChaos"],[],[],[],[],[],[],[],[],[],[],["AttackPotion"],[],[],["PowerPotion"],[],[],["CultistPotion"],[],[],[],[],[],[],[],[],[],[],[],[],[],[],["GhostInAJar"],[],[],[]],"relics":["Ring of the Snake","Happy Flower","TwistedFunnel","Omamori","Orichalcum","Oddly Smooth Stone","Astrolabe","Red Mask","Vajra","The Courier","Toolbox","Toy Ornithopter","Art of War","Girya","Molten Egg 2","Empty Cage","Torii","Centennial Puzzle"],"potions_floor_usage":[7,11,16,16,27,30,33,48],"damage_taken":[{"damage":1,"enemies":"Jaw Worm","floor":1,"turns":5},{"damage":4,"enemies":"Cultist","floor":2,"turns":4},{"damage":7,"enemies":"Small Slimes","floor":4,"turns":3},{"damage":12,"enemies":"3 Sentries","floor":7,"turns":5},{"damage":17,"enemies":"Gremlin Nob","floor":11,"turns":4},{"damage":0,"enemies":"2 Fungi Beasts","floor":12,"turns":2},{"damage":0,"enemies":"Exordium Thugs","floor":13,"turns":3},{"damage":0,"enemies":"Large Slime","floor":14,"turns":3},{"damage":0,"enemies":"Slime Boss","floor":16,"turns":7},{"damage":10,"enemies":"2 Thieves","floor":18,"turns":4},{"damage":0,"enemies":"Chosen","floor":19,"turns":3},{"damage":9,"enemies":"Centurion and Healer","floor":22,"turns":6},{"damage":5,"enemies":"Masked Bandits","floor":24,"turns":3},{"damage":2,"enemies":"Slavers","floor":27,"turns":3},{"damage":8,"enemies":"Book of Stabbing","floor":30,"turns":6},{"damage":5,"enemies":"Colosseum Slavers","floor":31,"turns":3},{"damage":0,"enemies":"Colosseum Nobs","floor":31,"turns":3},{"damage":32,"enemies":"Automaton","floor":33,"turns":8},{"damage":1,"enemies":"Orb Walker","floor":35,"turns":3},{"damage":0,"enemies":"3 Shapes","floor":38,"turns":2},{"damage":24,"enemies":"Giant Head","floor":41,"turns":8},{"damage":0,"enemies":"Transient","floor":47,"turns":6},{"damage":1,"enemies":"Nemesis","floor":48,"turns":7},{"damage":1,"enemies":"Awakened One","floor":50,"turns":23},{"damage":48,"enemies":"Time Eater","floor":51,"turns":10}],"seed_played":"-780702372648482224","neow_bonus_log":{"cardsObtained":[],"cardsUpgraded":[],"cardsRemoved":[],"cardsTransformed":[],"relicsObtained":[],"maxHpGained":0,"goldGained":250,"damageTaken":0,"goldLost":0,"maxHpLost":6},"potions_obtained":[{"floor":2,"key":"CunningPotion"},{"floor":4,"key":"ColorlessPotion"},{"floor":11,"key":"EssenceOfSteel"},{"floor":12,"key":"ColorlessPotion"},{"floor":13,"key":"DistilledChaos"},{"floor":16,"key":"AttackPotion"},{"floor":19,"key":"CultistPotion"},{"floor":27,"key":"PowerPotion"},{"floor":30,"key":"AttackPotion"},{"floor":35,"key":"SteroidPotion"}],"is_trial":false,"path_per_floor":["M","M","$","M","?","R","E","R","T","R","E","M","M","M","R","B",null,"M","M","?","?","M","R","?","R","T","E","R","$","E","?","R","B",null,"M","?","$","M","$","R","E","R","T","R","?","R","M","E","R","B","B"],"character_chosen":"THE_SILENT","items_purchased":["Happy Flower","TwistedFunnel","Crippling Poison","Toolbox","Toy Ornithopter","Acrobatics","Eviscerate+1","GhostInAJar","Footwork"],"campfire_rested":0,"item_purchase_floors":[3,3,3,29,29,29,37,37,39],"current_hp_per_floor":[58,54,54,47,47,47,35,35,35,35,18,18,18,18,18,18,50,40,40,40,70,61,61,56,56,56,54,54,54,51,46,46,19,57,56,56,56,56,56,56,32,32,32,32,32,32,32,36,36,35,0],"gold":129,"neow_bonus":"TWO_FIFTY_GOLD","is_prod":false,"is_daily":false,"rewards_skipped":[{"floor":38,"relics":[],"potions":["SteroidPotion"]},{"floor":41,"relics":[],"potions":["BlessingOfTheForge"]},{"floor":48,"relics":["Bottled Flame"],"potions":[]}],"chose_seed":false,"campfire_upgraded":10,"win_rate":0,"floor_exit_playtime":[79,119,315,448,469,489,683,694,705,720,829,872,963,1026,1043,1201,1372,1529,1586,1604,1642,1739,1749,1861,1885,1900,2018,2026,2099,2352,2535,2544,2780,2863,2935,2946,3010,3060,3096,3123,3320,3325,3328,3354,3379,3456,3621,3772,3778,4175],"timestamp":1651609896,"blue_key_relic_skipped_log":{"floor":43,"relicID":"Smiling Mask"},"path_taken":["M","M","$","M","?","R","E","R","T","R","E","M","?","M","R","BOSS","M","M","?","?","?","R","?","R","T","E","R","$","E","?","R","BOSS","M","?","?","M","$","R","E","R","T","R","?","R","M","E","R","BOSS","BOSS"],"build_version":"2022-03-07","purchased_purges":1,"victory":false,"max_hp_per_floor":[60,60,60,60,60,60,60,60,60,60,60,60,60,60,60,60,60,60,60,60,70,70,70,70,70,70,70,70,70,70,70,70,70,70,70,70,70,70,70,70,70,70,70,70,70,70,70,70,70,70,70],"relic_stats":{"Girya":2,"Happy Flower":[41],"Torii":4,"counters":[25,134],"Astrolabe":["Envenom","Concentrate","Quick Slash"],"The Courier":141,"Omamori":0,"Orichalcum":[228],"Centennial Puzzle":[9],"Art of War":[13],"obtain_stats":[{"TwistedFunnel":3,"Girya":31,"Happy Flower":3,"Torii":36,"Astrolabe":17,"Oddly Smooth Stone":11,"Vajra":26,"The Courier":27,"Omamori":7,"Orichalcum":9,"Empty Cage":34,"Centennial Puzzle":41,"Toolbox":29,"Molten Egg 2":31,"Red Mask":24,"Art of War":30,"Toy Ornithopter":29,"Ring of the Snake":0},{"TwistedFunnel":2,"Girya":17,"Happy Flower":2,"Torii":19,"Astrolabe":9,"Oddly Smooth Stone":5,"Vajra":13,"The Courier":14,"Omamori":4,"Orichalcum":4,"Empty Cage":18,"Centennial Puzzle":21,"Toolbox":14,"Molten Egg 2":17,"Red Mask":13,"Art of War":15,"Toy Ornithopter":14,"Ring of the Snake":0},{"TwistedFunnel":9,"Girya":67,"Happy Flower":9,"Torii":78,"Astrolabe":36,"Oddly Smooth Stone":21,"Vajra":52,"The Courier":55,"Omamori":17,"Orichalcum":17,"Empty Cage":75,"Centennial Puzzle":88,"Toolbox":55,"Molten Egg 2":67,"Red Mask":52,"Art of War":61,"Toy Ornithopter":55,"Ring of the Snake":0}],"Toy Ornithopter":15,"Ring of the Snake":[50]},"card_choices":[{"not_picked":["Dodge and Roll","Cloak And Dagger"],"picked":"Deadly Poison","floor":1},{"not_picked":["PiercingWail","Dodge and Roll"],"picked":"Flying Knee","floor":2},{"not_picked":["Flechettes","Masterful Stab"],"picked":"Dagger Spray","floor":4},{"not_picked":["Quick Slash","Slice"],"picked":"After Image","floor":7},{"not_picked":["Dagger Throw","Dodge and Roll"],"picked":"Poisoned Stab","floor":11},{"not_picked":["Poisoned Stab","Dodge and Roll","All Out Attack"],"picked":"SKIP","floor":12},{"not_picked":["Blur","Footwork"],"picked":"Masterful Stab","floor":13},{"not_picked":["Infinite Blades","Bouncing Flask"],"picked":"Calculated Gamble","floor":14},{"not_picked":["Unload","Grand Finale"],"picked":"Die Die Die","floor":16},{"not_picked":["Eviscerate","Poisoned Stab"],"picked":"PiercingWail","floor":19},{"not_picked":["Underhanded Strike","Blade Dance","Choke+1"],"picked":"SKIP","floor":22},{"not_picked":["Endless Agony","Choke"],"picked":"PiercingWail","floor":24},{"not_picked":["Endless Agony","Flechettes"],"picked":"Expertise","floor":27},{"not_picked":["Dagger Throw","Eviscerate","Masterful Stab+1"],"picked":"SKIP","floor":30},{"not_picked":["Grand Finale+1","Phantasmal Killer"],"picked":"Adrenaline","floor":33},{"not_picked":["Accuracy+1","Endless Agony+1"],"picked":"Deflect+1","floor":35},{"not_picked":["Prepared","Bane+1"],"picked":"Backflip","floor":41},{"not_picked":["Underhanded Strike+1","Terror+1"],"picked":"Catalyst","floor":47},{"not_picked":["Tactician","Sucker Punch+1"],"picked":"Heel Hook+1","floor":48}],"player_experience":6840101,"relics_obtained":[{"floor":7,"key":"Omamori"},{"floor":9,"key":"Orichalcum"},{"floor":11,"key":"Oddly Smooth Stone"},{"floor":24,"key":"Red Mask"},{"floor":26,"key":"Vajra"},{"floor":27,"key":"The Courier"},{"floor":30,"key":"Art of War"},{"floor":31,"key":"Girya"},{"floor":31,"key":"Molten Egg 2"},{"floor":41,"key":"Centennial Puzzle"}],"event_choices":[{"cards_removed":["Strike_G"],"damage_healed":0,"gold_gain":0,"player_choice":"Purged","damage_taken":0,"max_hp_gain":0,"max_hp_loss":0,"event_name":"Purifier","floor":5,"gold_loss":0},{"damage_healed":0,"gold_gain":0,"player_choice":"Simplicity","damage_taken":0,"max_hp_gain":0,"max_hp_loss":0,"event_name":"Back to Basics","floor":20,"gold_loss":0,"cards_upgraded":["Strike_G","Defend_G","Defend_G","Defend_G","Defend_G","Defend_G"]},{"cards_removed":["After Image"],"damage_healed":20,"gold_gain":0,"player_choice":"Offered Rare","damage_taken":0,"max_hp_gain":10,"max_hp_loss":0,"event_name":"Bonfire Elementals","floor":21,"gold_loss":0},{"damage_healed":0,"gold_gain":0,"player_choice":"Fought Bandits","damage_taken":0,"max_hp_gain":0,"max_hp_loss":0,"event_name":"Masked Bandits","floor":24,"gold_loss":0},{"damage_healed":0,"gold_gain":0,"player_choice":"Fight","damage_taken":0,"max_hp_gain":0,"max_hp_loss":0,"event_name":"Colosseum","floor":31,"gold_loss":0},{"damage_healed":0,"gold_gain":0,"player_choice":"Fought Nobs","damage_taken":0,"max_hp_gain":0,"max_hp_loss":0,"event_name":"Colosseum","floor":31,"gold_loss":0},{"damage_healed":0,"gold_gain":0,"player_choice":"Gave Potion","damage_taken":0,"relics_obtained":["Torii"],"max_hp_gain":0,"max_hp_loss":0,"event_name":"WeMeetAgain","floor":36,"gold_loss":0},{"damage_healed":0,"gold_gain":0,"player_choice":"1 cards matched","damage_taken":0,"max_hp_gain":0,"max_hp_loss":0,"event_name":"Match and Keep!","floor":45,"gold_loss":0,"cards_obtained":["Neutralize"]}],"is_beta":false,"boss_relics":[{"not_picked":["HoveringKite","SlaversCollar"],"picked":"Astrolabe"},{"not_picked":["Runic Dome","Snecko Eye"],"picked":"Empty Cage"}],"items_purged_floors":[29],"is_endless":false,"potions_floor_spawned":[2,4,11,12,13,16,19,27,30,31,35,38,41],"killed_by":"Time Eater","ascension_level":20}