{"gold_per_floor":[111,123,135,148,223,223,223,235,235,235,270,289,303,263],"floor_reached":14,"playtime":1189,"items_purged":[],"score":188,"play_id":"eaac00d8-765a-4737-b999-a62cd5cc4fa2","local_time":"20220429150254","is_ascension_mode":true,"campfire_choices":[{"data":"All Out Attack","floor":6,"key":"SMITH"},{"data":"Quick Slash","floor":10,"key":"SMITH"}],"neow_cost":"NONE","seed_source_timestamp":2084092545707100,"shop_contents":[],"circlet_count":0,"master_deck":["AscendersBane","Strike_G","Strike_G","Strike_G","Strike_G","Strike_G","Defend_G","Defend_G","Defend_G","Defend_G","Defend_G","Survivor","Neutralize","All Out Attack+1","Quick Slash+1","Footwork","Deflect","Slice","Flying Knee"],"potion_use_per_floor":[[],[],[],[],[],[],[],["Fruit Juice"],[],[],["SkillPotion","Weak Potion"],["DuplicationPotion"],[],[]],"relics":["Ring of the Snake","GremlinMask","Smiling Mask"],"potions_floor_usage":[8,11,11,12],"damage_taken":[{"damage":3,"enemies":"Small Slimes","floor":1,"turns":4},{"damage":2,"enemies":"Jaw Worm","floor":2,"turns":5},{"damage":1,"enemies":"Cultist","floor":3,"turns":4},{"damage":1,"enemies":"Looter","floor":4,"turns":4},{"damage":0,"enemies":"2 Fungi Beasts","floor":8,"turns":3},{"damage":38,"enemies":"Gremlin Nob","floor":11,"turns":6},{"damage":5,"enemies":"Gremlin Gang","floor":12,"turns":3},{"damage":5,"enemies":"Large Slime","floor":13,"turns":8},{"damage":11,"enemies":"Looter","floor":14,"turns":2}],"seed_played":"8930231555420656156","neow_bonus_log":{"cardsObtained":[],"cardsUpgraded":[],"cardsRemoved":[],"cardsTransformed":[],"relicsObtained":[],"maxHpGained":6,"goldGained":0,"damageTaken":0,"goldLost":0,"maxHpLost":0},"potions_obtained":[{"floor":3,"key":"SkillPotion"},{"floor":4,"key":"Fruit Juice"},{"floor":8,"key":"Weak Potion"},{"floor":11,"key":"DuplicationPotion"}],"is_trial":false,"path_per_floor":["M","M","M","M","?","R","?","M","T","R","E","M","M","M"],"character_chosen":"THE_SILENT","items_purchased":[],"campfire_rested":0,"item_purchase_floors":[],"current_hp_per_floor":[62,60,59,58,47,47,47,52,52,52,14,9,4,0],"gold":263,"neow_bonus":"TEN_PERCENT_HP_BONUS","is_prod":false,"is_daily":false,"rewards_skipped":[],"chose_seed":false,"campfire_upgraded":2,"win_rate":0,"floor_exit_playtime":[127,317,423,549,564,574,685,776,786,794,916,1024,1172],"timestamp":1651258974,"blue_key_relic_skipped_log":{"floor":9,"relicID":"Bottled Lightning"},"path_taken":["M","M","M","M","?","R","?","M","T","R","E","M","M","?"],"build_version":"2022-03-07","purchased_purges":0,"victory":false,"max_hp_per_floor":[72,72,72,72,72,72,72,77,77,77,77,77,77,77],"relic_stats":{"counters":[9,39],"Smiling Mask":0,"obtain_stats":[{"GremlinMask":7,"Smiling Mask":11,"Ring of the Snake":0},{"GremlinMask":4,"Smiling Mask":6,"Ring of the Snake":0},{"GremlinMask":17,"Smiling Mask":26,"Ring of the Snake":0}],"Ring of the Snake":[18]},"card_choices":[{"not_picked":["Dodge and Roll","Underhanded Strike"],"picked":"All Out Attack","floor":1},{"not_picked":["Choke","Setup"],"picked":"Quick Slash","floor":2},{"not_picked":["Reflex","Dodge and Roll"],"picked":"Footwork","floor":3},{"not_picked":["Cloak And Dagger","Slice"],"picked":"Deflect","floor":4},{"not_picked":["Underhanded Strike","Outmaneuver","Quick Slash"],"picked":"SKIP","floor":8},{"not_picked":["PiercingWail","Acrobatics","Deflect"],"picked":"SKIP","floor":11},{"not_picked":["After Image","Riddle With Holes"],"picked":"Slice","floor":12},{"not_picked":["Blade Dance","Skewer"],"picked":"Flying Knee","floor":13}],"player_experience":6809725,"relics_obtained":[{"floor":11,"key":"Smiling Mask"}],"event_choices":[{"damage_healed":0,"gold_gain":75,"player_choice":"Gather Gold","damage_taken":11,"max_hp_gain":0,"max_hp_loss":0,"event_name":"World of Goop","floor":5,"gold_loss":0},{"damage_healed":0,"gold_gain":0,"player_choice":"Trade","damage_taken":0,"relics_obtained":["GremlinMask"],"max_hp_gain":0,"max_hp_loss":0,"event_name":"FaceTrader","floor":7,"gold_loss":0}],"is_beta":false,"boss_relics":[],"items_purged_floors":[],"is_endless":false,"potions_floor_spawned":[3,4,8,11],"killed_by":"Looter","ascension_level":20}