{"gold_per_floor":[12,12,26,46,64,64,64,107,186,186],"floor_reached":10,"playtime":691,"items_purged":[],"score":136,"play_id":"89935482-ae70-4f99-923c-57dc6454e145","local_time":"20220512164159","is_ascension_mode":true,"campfire_choices":[{"data":"Apotheosis","floor":6,"key":"SMITH"}],"neow_cost":"NO_GOLD","seed_source_timestamp":3213706016045400,"shop_contents":[],"circlet_count":0,"master_deck":["AscendersBane","Strike_G","Strike_G","Strike_G","Strike_G","Strike_G","Defend_G","Defend_G","Defend_G","Defend_G","Defend_G","Survivor","Neutralize","Apotheosis+1","Footwork","Sucker Punch","Terror+1"],"potion_use_per_floor":[[],[],[],[],[],[],[],[],[],["AttackPotion"]],"relics":["Ring of the Snake","Golden Idol","Ginger","Ninja Scroll"],"potions_floor_usage":[10],"damage_taken":[{"damage":0,"enemies":"2 Louse","floor":1,"turns":2},{"damage":0,"enemies":"Cultist","floor":3,"turns":5},{"damage":5,"enemies":"Jaw Worm","floor":4,"turns":5},{"damage":21,"enemies":"3 Louse","floor":5,"turns":5},{"damage":21,"enemies":"Gremlin Nob","floor":8,"turns":4},{"damage":14,"enemies":"3 Sentries","floor":10,"turns":5}],"seed_played":"-6114298317716640542","neow_bonus_log":{"cardsObtained":[],"cardsUpgraded":[],"cardsRemoved":[],"cardsTransformed":[],"relicsObtained":[],"maxHpGained":0,"goldGained":0,"damageTaken":0,"goldLost":99,"maxHpLost":0},"potions_obtained":[{"floor":5,"key":"SpeedPotion"},{"floor":8,"key":"AttackPotion"}],"is_trial":false,"path_per_floor":["M","?","M","M","M","R","?","E","T","E"],"character_chosen":"THE_SILENT","items_purchased":[],"campfire_rested":0,"item_purchase_floors":[],"current_hp_per_floor":[59,59,59,54,33,33,33,12,12,0],"gold":186,"neow_bonus":"RANDOM_COLORLESS_2","is_prod":false,"is_daily":false,"rewards_skipped":[],"chose_seed":false,"campfire_upgraded":1,"win_rate":0,"floor_exit_playtime":[197,202,277,351,456,475,492,564,575],"timestamp":1652388119,"path_taken":["M","?","M","M","M","R","?","E","T","E"],"build_version":"2022-03-07","purchased_purges":0,"victory":false,"max_hp_per_floor":[66,60,60,60,60,60,60,60,60,60],"relic_stats":{"counters":[6,26],"Golden Idol":20,"Ginger":[0],"obtain_stats":[{"Golden Idol":2,"Ninja Scroll":9,"Ginger":8,"Ring of the Snake":0},{"Golden Idol":1,"Ninja Scroll":5,"Ginger":5,"Ring of the Snake":0},{"Golden Idol":2,"Ninja Scroll":21,"Ginger":21,"Ring of the Snake":0}],"Ring of the Snake":[12]},"card_choices":[{"not_picked":["Sadistic Nature","The Bomb"],"picked":"Apotheosis","floor":0},{"not_picked":["All Out Attack","Slice"],"picked":"Footwork","floor":1},{"not_picked":["Infinite Blades","Cloak And Dagger"],"picked":"Sucker Punch","floor":3},{"not_picked":["Deflect","Sucker Punch","Setup"],"picked":"SKIP","floor":4},{"not_picked":["PiercingWail","Bane"],"picked":"Terror","floor":5},{"not_picked":["Slice","Envenom","Catalyst"],"picked":"SKIP","floor":8}],"player_experience":6925570,"relics_obtained":[{"floor":8,"key":"Ginger"},{"floor":9,"key":"Ninja Scroll"}],"event_choices":[{"damage_healed":0,"gold_gain":0,"player_choice":"Lose Max HP","damage_taken":0,"relics_obtained":["Golden Idol"],"max_hp_gain":0,"max_hp_loss":6,"event_name":"Golden Idol","floor":2,"gold_loss":0},{"damage_healed":0,"gold_gain":0,"player_choice":"Forge","damage_taken":0,"max_hp_gain":0,"max_hp_loss":0,"event_name":"Accursed Blacksmith","floor":7,"gold_loss":0,"cards_upgraded":["Terror"]}],"is_beta":false,"boss_relics":[],"items_purged_floors":[],"is_endless":false,"potions_floor_spawned":[5,8],"killed_by":"3 Sentries","ascension_level":20,"potion_discard_per_floor":[[],[],[],[],[],[],[],[],[],[]]}