{"gold_per_floor":[364,378,50,125,139,139,139,139,166,2,2,31,31,58,58,135,135,149,166,166,185,198,198,208,208,234,214,139,149,149,162,162,239,239,251,86,99,10,23,48,48,73,122,153,165,184,184,199,199,199,199,199,199,45,77,77],"floor_reached":56,"playtime":3841,"items_purged":["Well Laid Plans","Strike_G"],"score":1994,"play_id":"f42f05a5-330d-406b-9454-3ad87a5fdbf0","local_time":"20220519182848","is_ascension_mode":true,"campfire_choices":[{"data":"Noxious Fumes","floor":6,"key":"SMITH"},{"data":"All Out Attack","floor":8,"key":"SMITH"},{"data":"Neutralize","floor":11,"key":"SMITH"},{"data":"1","floor":13,"key":"LIFT"},{"data":"2","floor":15,"key":"LIFT"},{"data":"RitualDagger","floor":23,"key":"SMITH"},{"floor":25,"key":"REST"},{"data":"3","floor":30,"key":"LIFT"},{"data":"Footwork","floor":32,"key":"SMITH"},{"floor":41,"key":"REST"},{"floor":49,"key":"RECALL"},{"floor":53,"key":"REST"}],"neow_cost":"PERCENT_DAMAGE","seed_source_timestamp":465347861216300,"shop_contents":[{"floor":3,"relics":["Ninja Scroll","Singing Bowl"],"cards":["Choke","All Out Attack","Adrenaline","Mind Blast","Master of Strategy"],"potions":["Block Potion","SteroidPotion","FearPotion"]},{"floor":10,"relics":["CeramicFish","Torii"],"cards":["Grand Finale","Underhanded Strike","Outmaneuver","Cloak And Dagger","A Thousand Cuts","Swift Strike","Magnetism"],"potions":["PowerPotion","BlessingOfTheForge","DistilledChaos"]},{"floor":28,"relics":["Happy Flower","Mango","Cauldron"],"cards":["Masterful Stab","Poisoned Stab","Acrobatics","Terror","Infinite Blades","Mind Blast","Mayhem"],"potions":["PowerPotion","Weak Potion","Poison Potion"]},{"floor":36,"relics":["Dream Catcher","Toolbox"],"cards":["Slice","Eviscerate","Backflip","Distraction","Noxious Fumes","PanicButton","Metamorphosis"],"potions":["ColorlessPotion","Weak Potion","Poison Potion"]},{"floor":38,"relics":["Snake Skull","Oddly Smooth Stone","TheAbacus"],"cards":["Bane","Slice","Catalyst","Caltrops","Good Instincts","Chrysalis"],"potions":["Explosive Potion","CunningPotion","SkillPotion"]},{"floor":54,"relics":["Tough Bandages","Pear","PrismaticShard"],"cards":["Bane","Underhanded Strike","Blur","Leg Sweep","Accuracy","Good Instincts","Apotheosis"],"potions":["EssenceOfSteel","SkillPotion"]}],"circlet_count":0,"master_deck":["AscendersBane","Strike_G","Strike_G","Strike_G","Strike_G","Defend_G","Defend_G","Defend_G","Defend_G","Defend_G","Survivor","Neutralize+1","All Out Attack+1","Terror","Noxious Fumes+1","Footwork+1","PiercingWail","Blade Dance","Dagger Throw","RitualDagger+1","Escape Plan","Backstab","Flechettes","PiercingWail","Adrenaline","Sucker Punch+1","Phantasmal Killer","PiercingWail","Prepared","Finesse","Dark Shackles"],"potion_use_per_floor":[[],[],[],[],[],[],[],[],[],[],[],["SneckoOil"],[],[],[],[],[],["Swift Potion"],[],[],[],["DuplicationPotion"],[],[],[],[],[],[],[],[],[],[],["Dexterity Potion"],[],[],[],[],[],[],[],[],[],[],[],[],[],[],[],[],[],["GhostInAJar"],[],[],[],[],["CultistPotion"]],"relics":["Ring of the Snake","TwistedFunnel","Ancient Tea Set","Lee\u0027s Waffle","Girya","Calipers","Runic Pyramid","Strawberry","Fusion Hammer","Bag of Preparation","Centennial Puzzle","Eternal Feather","Omamori","Blood Vial"],"potions_floor_usage":[12,18,22,33,51,56],"damage_taken":[{"damage":5,"enemies":"Jaw Worm","floor":1,"turns":4},{"damage":1,"enemies":"Small Slimes","floor":2,"turns":4},{"damage":0,"enemies":"Cultist","floor":5,"turns":3},{"damage":24,"enemies":"3 Sentries","floor":12,"turns":6},{"damage":21,"enemies":"Gremlin Nob","floor":14,"turns":4},{"damage":13,"enemies":"Hexaghost","floor":16,"turns":9},{"damage":7,"enemies":"Shell Parasite","floor":18,"turns":7},{"damage":1,"enemies":"Spheric Guardian","floor":19,"turns":6},{"damage":3,"enemies":"3 Cultists","floor":21,"turns":4},{"damage":17,"enemies":"Shelled Parasite and Fungi","floor":22,"turns":4},{"damage":0,"enemies":"Centurion and Healer","floor":24,"turns":5},{"damage":0,"enemies":"3 Cultists","floor":29,"turns":3},{"damage":2,"enemies":"Snecko","floor":31,"turns":3},{"damage":27,"enemies":"Champ","floor":33,"turns":18},{"damage":0,"enemies":"3 Shapes","floor":35,"turns":5},{"damage":0,"enemies":"3 Darklings","floor":37,"turns":3},{"damage":2,"enemies":"4 Shapes","floor":39,"turns":5},{"damage":6,"enemies":"Giant Head","floor":40,"turns":5},{"damage":0,"enemies":"Reptomancer","floor":42,"turns":4},{"damage":0,"enemies":"Giant Head","floor":44,"turns":4},{"damage":0,"enemies":"Maw","floor":45,"turns":5},{"damage":1,"enemies":"Jaw Worm Horde","floor":46,"turns":4},{"damage":0,"enemies":"Transient","floor":48,"turns":6},{"damage":54,"enemies":"Awakened One","floor":50,"turns":17},{"damage":16,"enemies":"Time Eater","floor":51,"turns":11},{"damage":24,"enemies":"Shield and Spear","floor":55,"turns":4},{"damage":59,"enemies":"The Heart","floor":56,"turns":4}],"seed_played":"-1027772721466205266","neow_bonus_log":{"cardsObtained":[],"cardsUpgraded":[],"cardsRemoved":[],"cardsTransformed":[],"relicsObtained":[],"maxHpGained":0,"goldGained":250,"damageTaken":15,"goldLost":0,"maxHpLost":0},"potions_obtained":[{"floor":1,"key":"LiquidMemories"},{"floor":2,"key":"SneckoOil"},{"floor":12,"key":"EssenceOfSteel"},{"floor":14,"key":"Swift Potion"},{"floor":19,"key":"LiquidBronze"},{"floor":21,"key":"DuplicationPotion"},{"floor":27,"key":"Dexterity Potion"},{"floor":33,"key":"DistilledChaos"},{"floor":37,"key":"GhostInAJar"},{"floor":42,"key":"CultistPotion"}],"is_trial":false,"path_per_floor":["M","M","$","?","M","R","?","R","T","$","R","E","R","E","R","B",null,"M","M","?","M","M","R","M","R","T","?","$","M","R","M","R","B",null,"M","$","M","$","M","E","R","E","T","E","M","M","?","M","R","B","B",null,"R","$","E","B"],"character_chosen":"THE_SILENT","items_purchased":["Terror","TwistedFunnel","Noxious Fumes","Lee\u0027s Waffle","Bag of Preparation","Phantasmal Killer","SteroidPotion"],"campfire_rested":3,"item_purchase_floors":[3,3,3,10,36,38,54],"current_hp_per_floor":[39,38,38,27,27,27,27,27,27,73,73,49,49,28,28,15,59,52,51,45,42,25,25,25,46,53,53,53,53,53,51,51,24,66,66,66,66,66,64,58,80,80,80,80,80,79,69,69,80,26,10,63,80,80,56,0],"gold":77,"neow_bonus":"TWO_FIFTY_GOLD","is_prod":false,"is_daily":false,"rewards_skipped":[{"floor":29,"relics":[],"potions":["Ancient Potion"]},{"floor":31,"relics":[],"potions":["Swift Potion"]},{"floor":35,"relics":[],"potions":["SneckoOil"]},{"floor":46,"relics":[],"potions":["Dexterity Potion"]}],"chose_seed":false,"campfire_upgraded":5,"win_rate":0,"floor_exit_playtime":[109,181,269,275,315,323,333,347,364,410,419,545,550,637,642,832,916,1018,1105,1149,1232,1315,1325,1412,1416,1419,1425,1488,1552,1559,1657,1666,2011,2107,2172,2274,2353,2387,2450,2551,2559,2645,2654,2747,2844,2926,2956,3079,3084,3416,3605,3616,3621,3650,3769],"timestamp":1652999328,"blue_key_relic_skipped_log":{"floor":43,"relicID":"Vajra"},"path_taken":["M","M","$","?","M","R","?","R","T","$","R","E","R","E","R","BOSS","M","M","?","M","M","R","M","R","T","?","$","M","R","M","R","BOSS","M","$","M","?","M","E","R","E","T","E","M","M","?","?","R","BOSS","BOSS","R","$","E","BOSS"],"build_version":"2022-03-07","purchased_purges":2,"victory":false,"max_hp_per_floor":[66,66,66,66,66,66,66,66,66,73,73,73,73,73,73,73,73,73,73,73,73,73,73,73,73,80,80,80,80,80,80,80,80,80,80,80,80,80,80,80,80,80,80,80,80,80,80,80,80,80,80,80,80,80,80,80],"relic_stats":{"Blood Vial":2,"Girya":3,"Lee\u0027s Waffle":46,"Centennial Puzzle":[15],"Calipers":[0],"counters":[27,157],"Eternal Feather":28,"Bag of Preparation":[24],"Omamori":0,"Ancient Tea Set":[20],"obtain_stats":[{"TwistedFunnel":3,"Girya":12,"Lee\u0027s Waffle":10,"Calipers":14,"Eternal Feather":42,"Bag of Preparation":36,"Omamori":44,"Ancient Tea Set":9,"Blood Vial":55,"Centennial Puzzle":40,"Strawberry":26,"Fusion Hammer":34,"Ring of the Snake":0,"Runic Pyramid":17},{"TwistedFunnel":2,"Girya":4,"Lee\u0027s Waffle":3,"Calipers":5,"Eternal Feather":19,"Bag of Preparation":15,"Omamori":20,"Ancient Tea Set":3,"Blood Vial":26,"Centennial Puzzle":18,"Strawberry":11,"Fusion Hammer":14,"Ring of the Snake":0,"Runic Pyramid":6},{"TwistedFunnel":8,"Girya":17,"Lee\u0027s Waffle":11,"Calipers":21,"Eternal Feather":102,"Bag of Preparation":85,"Omamori":106,"Ancient Tea Set":11,"Blood Vial":153,"Centennial Puzzle":98,"Strawberry":56,"Fusion Hammer":80,"Ring of the Snake":0,"Runic Pyramid":30}],"Ring of the Snake":[54]},"card_choices":[{"not_picked":["Dodge and Roll","Setup"],"picked":"Well Laid Plans","floor":1},{"not_picked":["Underhanded Strike","Cloak And Dagger"],"picked":"All Out Attack","floor":2},{"not_picked":["Dodge and Roll","Outmaneuver"],"picked":"Footwork","floor":5},{"not_picked":["Quick Slash","Setup"],"picked":"PiercingWail","floor":12},{"not_picked":["Prepared","Infinite Blades","Eviscerate"],"picked":"SKIP","floor":14},{"not_picked":["Quick Slash","Choke"],"picked":"Blade Dance","floor":18},{"not_picked":["Underhanded Strike","Deadly Poison"],"picked":"Dagger Throw","floor":19},{"not_picked":["Footwork","Reflex"],"picked":"Escape Plan","floor":21},{"not_picked":["Noxious Fumes","Dagger Throw"],"picked":"Backstab","floor":22},{"not_picked":["Choke","Setup"],"picked":"Flechettes","floor":24},{"not_picked":["Endless Agony","Quick Slash","Dagger Throw"],"picked":"SKIP","floor":29},{"not_picked":["After Image","Blur"],"picked":"PiercingWail","floor":31},{"not_picked":["Venomology","Glass Knife"],"picked":"Adrenaline","floor":33},{"not_picked":["Accuracy","Deadly Poison","Deflect"],"picked":"SKIP","floor":35},{"not_picked":["Concentrate","Dodge and Roll"],"picked":"Sucker Punch+1","floor":37},{"not_picked":["Choke+1","Flechettes","Distraction+1"],"picked":"SKIP","floor":39},{"not_picked":["Caltrops","Endless Agony+1","Poisoned Stab+1"],"picked":"SKIP","floor":40},{"not_picked":["Dagger Spray","Poisoned Stab+1","Expertise+1"],"picked":"SKIP","floor":42},{"not_picked":["Outmaneuver+1","Deflect"],"picked":"PiercingWail","floor":44},{"not_picked":["Slice+1","Phantasmal Killer"],"picked":"Prepared","floor":45},{"not_picked":["Dagger Throw","Underhanded Strike","Noxious Fumes+1"],"picked":"SKIP","floor":46},{"not_picked":["Madness","Panache"],"picked":"Finesse","floor":47},{"not_picked":["Enlightenment","Finesse"],"picked":"Dark Shackles","floor":47},{"not_picked":["Dramatic Entrance","The Bomb","Magnetism"],"picked":"SKIP","floor":47},{"not_picked":["Bane+1","All Out Attack","Blade Dance"],"picked":"SKIP","floor":48},{"not_picked":["Bane","Dodge and Roll","Slice"],"picked":"SKIP","floor":55}],"player_experience":6983871,"relics_obtained":[{"floor":9,"key":"Ancient Tea Set"},{"floor":12,"key":"Girya"},{"floor":14,"key":"Calipers"},{"floor":26,"key":"Strawberry"},{"floor":40,"key":"Centennial Puzzle"},{"floor":42,"key":"Eternal Feather"},{"floor":44,"key":"Omamori"},{"floor":55,"key":"Blood Vial"}],"event_choices":[{"damage_healed":0,"gold_gain":75,"player_choice":"Gather Gold","damage_taken":11,"max_hp_gain":0,"max_hp_loss":0,"event_name":"World of Goop","floor":4,"gold_loss":0},{"damage_healed":0,"gold_gain":0,"player_choice":"Ignored","damage_taken":0,"max_hp_gain":0,"max_hp_loss":0,"event_name":"Liars Game","floor":7,"gold_loss":0},{"damage_healed":0,"gold_gain":0,"player_choice":"Joined the Cult","damage_taken":6,"max_hp_gain":0,"max_hp_loss":0,"event_name":"Nest","floor":20,"gold_loss":0,"cards_obtained":["RitualDagger"]},{"damage_healed":0,"gold_gain":0,"player_choice":"Bought 1 Potion","damage_taken":0,"max_hp_gain":0,"max_hp_loss":0,"event_name":"The Woman in Blue","floor":27,"gold_loss":0},{"damage_healed":0,"gold_gain":0,"player_choice":"Memory 3","damage_taken":10,"max_hp_gain":0,"max_hp_loss":0,"event_name":"SensoryStone","floor":47,"gold_loss":0}],"is_beta":false,"boss_relics":[{"not_picked":["Sozu","WristBlade"],"picked":"Runic Pyramid"},{"not_picked":["Empty Cage","Snecko Eye"],"picked":"Fusion Hammer"}],"items_purged_floors":[28,54],"is_endless":false,"potions_floor_spawned":[1,2,12,14,19,21,29,31,33,35,37,42,46],"killed_by":"The Heart","ascension_level":20,"potion_discard_per_floor":[[],[],[],[],[],[],[],[],[],[],[],[],[],["EssenceOfSteel"],[],[],[],[],[],[],["LiquidBronze"],[],[],[],[],[],[],[],[],[],[],[],[],[],[],[],["DistilledChaos"],[],[],[],[],["LiquidMemories"],[],[],[],[],[],[],[],[],[],[],[],[],[],[]]}