{"gold_per_floor":[113,133,133,208,178,178,209,209,234,69,81,81,101,133,133,209,209,220,237,251,91,103,103,103,135,135,135,161,161,191,291,291,364,364,375,400,415,428,174,202,202,237,237,459,188,201,225,250,250,250,250,250,250,0,35,35],"floor_reached":57,"playtime":4551,"items_purged":["Strike_G","Strike_G","Strike_G"],"score":3143,"play_id":"7caca31b-01b8-4e14-a8bf-986b26242022","local_time":"20220512175824","is_ascension_mode":true,"campfire_choices":[{"data":"Skewer","floor":6,"key":"SMITH"},{"data":"Phantasmal Killer","floor":8,"key":"SMITH"},{"data":"Leg Sweep","floor":12,"key":"SMITH"},{"data":"Malaise","floor":15,"key":"SMITH"},{"data":"Glass Knife","floor":23,"key":"SMITH"},{"data":"Venomology","floor":29,"key":"SMITH"},{"data":"Calculated Gamble","floor":32,"key":"SMITH"},{"data":"Footwork","floor":41,"key":"SMITH"},{"floor":49,"key":"RECALL"},{"data":"Footwork","floor":53,"key":"SMITH"}],"neow_cost":"NONE","seed_source_timestamp":3214405954360500,"shop_contents":[{"floor":10,"relics":["Pocketwatch","Darkstone Periapt"],"cards":["Finisher","Glass Knife","Blade Dance","Outmaneuver","Well Laid Plans","Purity","Chrysalis"],"potions":["Fire Potion","EntropicBrew","GamblersBrew"]},{"floor":21,"relics":["Shovel","Tiny Chest","Frozen Eye"],"cards":["Choke","Dagger Throw","Outmaneuver","Setup","Forethought","HandOfGreed"],"potions":["SkillPotion","AttackPotion","SneckoOil"]},{"floor":39,"relics":["Unceasing Top","Boot"],"cards":["Quick Slash","Riddle With Holes","Setup","Prepared","Dramatic Entrance","Violence"],"potions":["Regen Potion","Fire Potion","CultistPotion"]},{"floor":45,"relics":["Gremlin Horn","TheAbacus"],"cards":["Predator","Cloak And Dagger","Distraction","Footwork","Forethought","The Bomb"],"potions":["Explosive Potion","DistilledChaos","Fire Potion"]},{"floor":54,"relics":["Orichalcum","PrismaticShard"],"cards":["Endless Agony","Riddle With Holes","Escape Plan","Distraction","Caltrops","Dark Shackles"],"potions":["Poison Potion","CultistPotion","SpeedPotion"]}],"circlet_count":0,"master_deck":["AscendersBane","Strike_G","Strike_G","Defend_G","Defend_G","Defend_G","Defend_G","Defend_G","Survivor","Neutralize","Leg Sweep+1","Skewer+1","Phantasmal Killer+1","Terror","Flying Knee","Malaise+1","Glass Knife+1","Cloak And Dagger+1","PiercingWail","Footwork+1","Calculated Gamble+1","Dagger Throw","Venomology+1","PiercingWail","Tools of the Trade","Backflip","Die Die Die","Footwork+1","Dodge and Roll","Prepared+1","Grand Finale","Acrobatics+1","Apotheosis","Escape Plan"],"potion_use_per_floor":[[],[],[],[],[],[],["Fruit Juice"],[],[],[],[],[],[],["Explosive Potion"],[],[],[],[],[],[],[],["BlessingOfTheForge"],[],[],["SteroidPotion"],[],[],[],[],[],["Dexterity Potion","DistilledChaos"],[],["Strength Potion","DuplicationPotion"],[],[],["Fire Potion"],["Explosive Potion"],["BlessingOfTheForge"],[],["Strength Potion"],[],[],[],[],[],[],[],["Explosive Potion"],[],["CunningPotion"],[],[],[],[],["SpeedPotion"],["Weak Potion","ColorlessPotion","ColorlessPotion"],[]],"relics":["Ring of the Snake","NeowsBlessing","Lantern","Regal Pillow","Sling","Ninja Scroll","Coffee Dripper","Smiling Mask","Du-Vu Doll","MutagenicStrength","Red Mask","FossilizedHelix","Tough Bandages","Singing Bowl","Runic Pyramid","Turnip","Membership Card","CaptainsWheel","Bottled Tornado","HornCleat","Akabeko","Oddly Smooth Stone","Kunai","Vajra"],"potions_floor_usage":[7,14,22,25,31,31,33,33,36,37,38,40,48,50,55,56,56,56],"damage_taken":[{"damage":0,"enemies":"Jaw Worm","floor":1,"turns":1},{"damage":0,"enemies":"2 Louse","floor":2,"turns":1},{"damage":0,"enemies":"Lagavulin","floor":7,"turns":1},{"damage":0,"enemies":"Cultist","floor":11,"turns":2},{"damage":7,"enemies":"3 Louse","floor":13,"turns":4},{"damage":2,"enemies":"Gremlin Nob","floor":14,"turns":3},{"damage":27,"enemies":"Slime Boss","floor":16,"turns":8},{"damage":5,"enemies":"Shell Parasite","floor":18,"turns":3},{"damage":0,"enemies":"Chosen","floor":19,"turns":2},{"damage":9,"enemies":"Sentry and Sphere","floor":20,"turns":6},{"damage":6,"enemies":"3 Cultists","floor":22,"turns":5},{"damage":8,"enemies":"Slavers","floor":25,"turns":4},{"damage":0,"enemies":"Masked Bandits","floor":28,"turns":4},{"damage":5,"enemies":"Gremlin Leader","floor":30,"turns":5},{"damage":0,"enemies":"Colosseum Slavers","floor":31,"turns":3},{"damage":0,"enemies":"Colosseum Nobs","floor":31,"turns":2},{"damage":28,"enemies":"Automaton","floor":33,"turns":8},{"damage":0,"enemies":"3 Shapes","floor":35,"turns":2},{"damage":0,"enemies":"Mind Bloom Boss Battle","floor":36,"turns":4},{"damage":0,"enemies":"Orb Walker","floor":37,"turns":1},{"damage":0,"enemies":"Maw","floor":38,"turns":6},{"damage":0,"enemies":"Giant Head","floor":40,"turns":6},{"damage":0,"enemies":"Reptomancer","floor":42,"turns":5},{"damage":0,"enemies":"4 Shapes","floor":46,"turns":5},{"damage":0,"enemies":"Giant Head","floor":48,"turns":5},{"damage":0,"enemies":"Awakened One","floor":50,"turns":14},{"damage":0,"enemies":"Time Eater","floor":51,"turns":11},{"damage":6,"enemies":"Shield and Spear","floor":55,"turns":6},{"damage":10,"enemies":"The Heart","floor":56,"turns":13}],"seed_played":"1052817267622580444","neow_bonus_log":{"cardsObtained":[],"cardsUpgraded":[],"cardsRemoved":[],"cardsTransformed":[],"relicsObtained":["NeowsBlessing"],"maxHpGained":0,"goldGained":0,"damageTaken":0,"goldLost":0,"maxHpLost":0},"potions_obtained":[{"floor":5,"key":"Explosive Potion"},{"floor":5,"key":"Fruit Juice"},{"floor":7,"key":"SkillPotion"},{"floor":13,"key":"SteroidPotion"},{"floor":16,"key":"BlessingOfTheForge"},{"floor":30,"key":"DuplicationPotion"},{"floor":31,"key":"Strength Potion"},{"floor":37,"key":"SpeedPotion"},{"floor":46,"key":"Explosive Potion"}],"is_trial":false,"path_per_floor":["M","M","?","?","?","R","E","R","T","$","M","R","M","E","R","B",null,"M","M","M","$","M","R","?","E","T","?","?","R","E","?","R","B",null,"M","?","M","M","$","E","R","E","T","?","$","M","T","E","R","B","B",null,"R","$","E","B",null],"character_chosen":"THE_SILENT","items_purchased":["Sling","Footwork","Membership Card","Footwork","HornCleat","Grand Finale","Kunai","Apotheosis"],"campfire_rested":0,"item_purchase_floors":[10,21,39,39,45,45,54,54],"current_hp_per_floor":[59,59,64,53,53,53,58,58,58,58,58,58,51,49,49,22,63,58,58,49,49,43,43,43,35,35,35,35,35,30,30,30,2,58,60,60,60,62,62,62,62,62,62,62,62,62,62,64,64,64,64,78,78,78,72,62],"gold":35,"neow_bonus":"THREE_ENEMY_KILL","is_prod":false,"is_daily":false,"rewards_skipped":[{"floor":19,"relics":[],"potions":["PowerPotion"]},{"floor":42,"relics":[],"potions":["AttackPotion"]},{"floor":48,"relics":[],"potions":["Explosive Potion"]}],"chose_seed":false,"campfire_upgraded":9,"win_rate":0,"floor_exit_playtime":[48,60,63,66,176,184,202,212,226,266,308,314,384,464,473,677,796,870,908,1016,1063,1158,1166,1175,1270,1278,1323,1445,1462,1586,1730,1740,2106,2191,2233,2350,2378,2457,2534,2660,2667,2802,2807,2812,2915,3018,3023,3182,3187,3502,3805,3849,3877,3926,4084,4551],"timestamp":1652392704,"blue_key_relic_skipped_log":{"floor":43,"relicID":"Bag of Marbles"},"path_taken":["M","M","?","?","?","R","E","R","T","$","?","R","M","E","R","BOSS","M","M","M","$","M","R","?","E","T","?","?","R","E","?","R","BOSS","M","?","M","M","$","E","R","E","T","?","$","M","?","E","R","BOSS","BOSS","R","$","E","BOSS"],"build_version":"2022-03-07","purchased_purges":3,"victory":true,"max_hp_per_floor":[66,66,71,71,71,71,76,76,76,76,76,76,76,76,76,76,76,76,76,76,76,76,76,76,76,76,76,76,76,76,76,76,76,76,78,78,78,80,80,80,80,80,80,80,80,80,80,82,82,82,82,82,82,82,82,82],"relic_stats":{"Regal Pillow":0,"Tough Bandages":[630],"Singing Bowl":6,"counters":[29,140],"Turnip":[8],"Membership Card":618,"Kunai":[9],"Bottled Tornado":"Footwork","Smiling Mask":13,"obtain_stats":[{"Lantern":7,"Regal Pillow":9,"NeowsBlessing":0,"Singing Bowl":31,"Oddly Smooth Stone":48,"Vajra":55,"Bottled Tornado":42,"Sling":10,"Smiling Mask":25,"Akabeko":47,"Du-Vu Doll":26,"Tough Bandages":31,"CaptainsWheel":40,"HornCleat":45,"Ninja Scroll":14,"MutagenicStrength":27,"Turnip":36,"Coffee Dripper":17,"Red Mask":28,"Membership Card":39,"Kunai":54,"FossilizedHelix":30,"Ring of the Snake":0,"Runic Pyramid":34},{"Lantern":3,"Regal Pillow":3,"NeowsBlessing":0,"Singing Bowl":16,"Oddly Smooth Stone":25,"Vajra":28,"Bottled Tornado":23,"Sling":3,"Smiling Mask":12,"Akabeko":24,"Du-Vu Doll":12,"Tough Bandages":16,"CaptainsWheel":22,"HornCleat":23,"Ninja Scroll":6,"MutagenicStrength":12,"Turnip":19,"Coffee Dripper":7,"Red Mask":13,"Membership Card":21,"Kunai":27,"FossilizedHelix":14,"Ring of the Snake":0,"Runic Pyramid":17},{"Lantern":3,"Regal Pillow":3,"NeowsBlessing":0,"Singing Bowl":54,"Oddly Smooth Stone":96,"Vajra":127,"Bottled Tornado":86,"Sling":3,"Smiling Mask":40,"Akabeko":91,"Du-Vu Doll":40,"Tough Bandages":54,"CaptainsWheel":81,"HornCleat":86,"Ninja Scroll":12,"MutagenicStrength":40,"Turnip":68,"Coffee Dripper":20,"Red Mask":44,"Membership Card":75,"Kunai":121,"FossilizedHelix":49,"Ring of the Snake":0,"Runic Pyramid":62}],"FossilizedHelix":[75],"Ring of the Snake":[58]},"card_choices":[{"not_picked":["Acrobatics","Deadly Poison"],"picked":"Leg Sweep","floor":1},{"not_picked":["Dodge and Roll","Dagger Throw"],"picked":"Skewer","floor":2},{"not_picked":["Concentrate","Setup"],"picked":"Phantasmal Killer","floor":7},{"not_picked":["Dodge and Roll","Quick Slash"],"picked":"Terror","floor":11},{"not_picked":["Masterful Stab","Noxious Fumes"],"picked":"Flying Knee","floor":13},{"not_picked":["Deflect","PiercingWail"],"picked":"Malaise","floor":14},{"not_picked":["Grand Finale","A Thousand Cuts"],"picked":"Glass Knife","floor":16},{"not_picked":["All Out Attack","Underhanded Strike+1"],"picked":"Cloak And Dagger+1","floor":18},{"not_picked":["Distraction","Deflect","Dagger Throw"],"picked":"SKIP","floor":19},{"not_picked":["Underhanded Strike","Dagger Throw"],"picked":"PiercingWail","floor":20},{"not_picked":["Blade Dance","Cloak And Dagger"],"picked":"Calculated Gamble","floor":22},{"not_picked":["Slice","Underhanded Strike"],"picked":"Dagger Throw","floor":25},{"not_picked":["Dagger Spray","Deadly Poison"],"picked":"Venomology","floor":28},{"not_picked":["Caltrops","Endless Agony","Dagger Throw"],"picked":"SKIP","floor":30},{"not_picked":["Caltrops","Endless Agony","Dagger Throw"],"picked":"SKIP","floor":30},{"not_picked":["Poisoned Stab","Dagger Spray"],"picked":"PiercingWail","floor":31},{"not_picked":["Malaise","Burst"],"picked":"Tools of the Trade","floor":33},{"not_picked":["Predator","Dagger Throw","Slice"],"picked":"Singing Bowl","floor":35},{"not_picked":["Deflect","Dagger Spray"],"picked":"Backflip","floor":36},{"not_picked":["Dagger Spray","Underhanded Strike"],"picked":"Die Die Die","floor":37},{"not_picked":["Deflect","Bouncing Flask","Poisoned Stab"],"picked":"Singing Bowl","floor":38},{"not_picked":["Deadly Poison","Slice"],"picked":"Dodge and Roll","floor":40},{"not_picked":["Expertise","Noxious Fumes"],"picked":"Prepared+1","floor":42},{"not_picked":["Endless Agony","Outmaneuver"],"picked":"Acrobatics+1","floor":46},{"not_picked":["Caltrops","Finisher","Distraction"],"picked":"Singing Bowl","floor":48},{"not_picked":["Malaise","After Image"],"picked":"Escape Plan","floor":55}],"player_experience":6926261,"relics_obtained":[{"floor":7,"key":"Lantern"},{"floor":9,"key":"Regal Pillow"},{"floor":14,"key":"Ninja Scroll"},{"floor":25,"key":"Smiling Mask"},{"floor":26,"key":"Du-Vu Doll"},{"floor":28,"key":"Red Mask"},{"floor":30,"key":"FossilizedHelix"},{"floor":31,"key":"Tough Bandages"},{"floor":31,"key":"Singing Bowl"},{"floor":36,"key":"Turnip"},{"floor":40,"key":"CaptainsWheel"},{"floor":42,"key":"Bottled Tornado"},{"floor":47,"key":"Akabeko"},{"floor":48,"key":"Oddly Smooth Stone"},{"floor":55,"key":"Vajra"}],"event_choices":[{"damage_healed":0,"gold_gain":0,"player_choice":"Donut","damage_taken":0,"max_hp_gain":5,"max_hp_loss":0,"event_name":"Big Fish","floor":3,"gold_loss":0},{"damage_healed":0,"gold_gain":75,"player_choice":"Gather Gold","damage_taken":11,"max_hp_gain":0,"max_hp_loss":0,"event_name":"World of Goop","floor":4,"gold_loss":0},{"damage_healed":0,"gold_gain":0,"player_choice":"Bought 2 Potions","damage_taken":0,"max_hp_gain":0,"max_hp_loss":0,"event_name":"The Woman in Blue","floor":5,"gold_loss":0},{"damage_healed":0,"gold_gain":0,"player_choice":"Ignored","damage_taken":0,"max_hp_gain":0,"max_hp_loss":0,"event_name":"The Mausoleum","floor":24,"gold_loss":0},{"damage_healed":0,"gold_gain":0,"player_choice":"Inject Mutagens","damage_taken":0,"relics_obtained":["MutagenicStrength"],"max_hp_gain":0,"max_hp_loss":0,"event_name":"Drug Dealer","floor":27,"gold_loss":0},{"damage_healed":0,"gold_gain":0,"player_choice":"Fought Bandits","damage_taken":0,"max_hp_gain":0,"max_hp_loss":0,"event_name":"Masked Bandits","floor":28,"gold_loss":0},{"damage_healed":0,"gold_gain":0,"player_choice":"Fight","damage_taken":0,"max_hp_gain":0,"max_hp_loss":0,"event_name":"Colosseum","floor":31,"gold_loss":0},{"damage_healed":0,"gold_gain":0,"player_choice":"Fought Nobs","damage_taken":0,"max_hp_gain":0,"max_hp_loss":0,"event_name":"Colosseum","floor":31,"gold_loss":0},{"damage_healed":0,"gold_gain":0,"player_choice":"Fight","damage_taken":0,"max_hp_gain":0,"max_hp_loss":0,"event_name":"MindBloom","floor":36,"gold_loss":0},{"damage_healed":0,"gold_gain":222,"player_choice":"Wore Mask","damage_taken":0,"max_hp_gain":0,"max_hp_loss":0,"event_name":"Tomb of Lord Red Mask","floor":44,"gold_loss":0}],"is_beta":false,"boss_relics":[{"not_picked":["HoveringKite","Snecko Eye"],"picked":"Coffee Dripper"},{"not_picked":["Philosopher\u0027s Stone","Busted Crown"],"picked":"Runic Pyramid"}],"items_purged_floors":[21,39,45],"is_endless":false,"potions_floor_spawned":[7,13,16,19,30,31,37,42,46,48],"ascension_level":20,"potion_discard_per_floor":[[],[],[],[],[],[],[],[],[],[],[],[],["SkillPotion"],[],[],[],[],[],[],[],[],[],[],[],[],[],[],[],[],[],["SneckoOil"],[],[],[],[],[],["EssenceOfSteel"],[],[],[],[],["SneckoOil"],[],[],[],["Swift Potion","SmokeBomb"],[],[],[],[],["SpeedPotion"],[],[],[],[],[],[]]}