{"gold_per_floor":[114,130,205,219,219,219,219,238,238,253,253,270,37,63,63,63],"floor_reached":16,"playtime":1272,"items_purged":["Strike_G"],"score":204,"play_id":"52ca800d-c38e-42df-af13-9a3f889e4020","local_time":"20220517162547","is_ascension_mode":true,"campfire_choices":[{"data":"Doppelganger","floor":6,"key":"SMITH"},{"data":"Poisoned Stab","floor":11,"key":"SMITH"},{"floor":15,"key":"REST"}],"neow_cost":"NONE","seed_source_timestamp":287737380547300,"shop_contents":[{"floor":13,"relics":["Mercury Hourglass","CaptainsWheel"],"cards":["Dagger Throw","Slice","Backflip","Storm of Steel","A Thousand Cuts","Enlightenment","Panache"],"potions":["CultistPotion","Dexterity Potion","Energy Potion"]}],"circlet_count":0,"master_deck":["AscendersBane","Strike_G","Strike_G","Defend_G","Defend_G","Defend_G","Defend_G","Defend_G","Survivor","Neutralize","Dagger Throw","Dagger Throw","Doppelganger+1","Reflex","Poisoned Stab+1","Corpse Explosion","Leg Sweep","Underhanded Strike","Dagger Throw"],"potion_use_per_floor":[[],[],[],[],[],[],[],[],[],[],[],[],[],[],[],["Weak Potion","Ancient Potion"]],"relics":["Ring of the Snake","Snake Skull","Orrery","Kunai"],"potions_floor_usage":[16,16],"damage_taken":[{"damage":3,"enemies":"Small Slimes","floor":1,"turns":5},{"damage":3,"enemies":"2 Louse","floor":2,"turns":4},{"damage":0,"enemies":"Jaw Worm","floor":4,"turns":4},{"damage":4,"enemies":"Looter","floor":8,"turns":3},{"damage":6,"enemies":"Lots of Slimes","floor":10,"turns":5},{"damage":0,"enemies":"2 Fungi Beasts","floor":12,"turns":3},{"damage":7,"enemies":"Lagavulin","floor":14,"turns":7},{"damage":41,"enemies":"Slime Boss","floor":16,"turns":9}],"seed_played":"-3428692704529768972","neow_bonus_log":{"cardsObtained":[],"cardsUpgraded":[],"cardsRemoved":[],"cardsTransformed":[],"relicsObtained":["Snake Skull"],"maxHpGained":0,"goldGained":0,"damageTaken":0,"goldLost":0,"maxHpLost":0},"potions_obtained":[{"floor":2,"key":"Ancient Potion"},{"floor":12,"key":"LiquidBronze"},{"floor":14,"key":"Weak Potion"}],"is_trial":false,"path_per_floor":["M","M","?","M","?","R","?","M","T","M","R","M","$","E","R","B"],"character_chosen":"THE_SILENT","items_purchased":["Orrery"],"campfire_rested":1,"item_purchase_floors":[13],"current_hp_per_floor":[56,53,42,42,35,35,35,31,31,25,25,25,25,18,37,0],"gold":63,"neow_bonus":"RANDOM_COMMON_RELIC","is_prod":false,"is_daily":false,"rewards_skipped":[],"chose_seed":false,"campfire_upgraded":2,"win_rate":0,"floor_exit_playtime":[263,328,348,440,448,461,530,588,601,711,748,787,898,1030,1034],"timestamp":1652819147,"blue_key_relic_skipped_log":{"floor":9,"relicID":"Darkstone Periapt"},"path_taken":["M","M","?","M","?","R","?","M","T","M","R","M","$","E","R","BOSS"],"build_version":"2022-03-07","purchased_purges":1,"victory":false,"max_hp_per_floor":[66,66,66,66,66,66,66,66,66,66,66,66,66,66,66,66],"relic_stats":{"counters":[8,40],"Snake Skull":[7],"Kunai":[5],"obtain_stats":[{"Orrery":13,"Snake Skull":0,"Kunai":14,"Ring of the Snake":0},{"Orrery":6,"Snake Skull":0,"Kunai":7,"Ring of the Snake":0},{"Orrery":24,"Snake Skull":0,"Kunai":31,"Ring of the Snake":0}],"Ring of the Snake":[16]},"card_choices":[{"not_picked":["Backflip","Cloak And Dagger"],"picked":"Dagger Throw","floor":1},{"not_picked":["Dodge and Roll","Blade Dance"],"picked":"Dagger Throw","floor":2},{"not_picked":["Sucker Punch","Choke"],"picked":"Doppelganger","floor":4},{"not_picked":["Sucker Punch","Riddle With Holes","Backflip"],"picked":"SKIP","floor":8},{"not_picked":["Blade Dance","Backstab"],"picked":"Poisoned Stab","floor":10},{"not_picked":["Riddle With Holes","Deflect","Concentrate"],"picked":"SKIP","floor":12},{"not_picked":["Blade Dance","Deflect"],"picked":"Corpse Explosion","floor":13},{"not_picked":["After Image","Expertise"],"picked":"Leg Sweep","floor":13},{"not_picked":["PiercingWail","Deflect"],"picked":"Underhanded Strike","floor":13},{"not_picked":["Outmaneuver","Poisoned Stab"],"picked":"Dagger Throw","floor":13},{"not_picked":["Infinite Blades","Quick Slash","Masterful Stab"],"picked":"SKIP","floor":13},{"not_picked":["Caltrops","Flechettes","Bane"],"picked":"SKIP","floor":14}],"player_experience":6959550,"relics_obtained":[{"floor":14,"key":"Kunai"}],"event_choices":[{"damage_healed":0,"gold_gain":75,"player_choice":"Gather Gold","damage_taken":11,"max_hp_gain":0,"max_hp_loss":0,"event_name":"World of Goop","floor":3,"gold_loss":0},{"cards_removed":["Strike_G"],"damage_healed":0,"gold_gain":0,"player_choice":"Card Removal","damage_taken":7,"max_hp_gain":0,"max_hp_loss":0,"event_name":"Golden Wing","floor":5,"gold_loss":0},{"damage_healed":0,"gold_gain":0,"cards_transformed":["Strike_G"],"player_choice":"Change","damage_taken":0,"max_hp_gain":0,"max_hp_loss":0,"event_name":"Living Wall","floor":7,"gold_loss":0,"cards_obtained":["Reflex"]}],"is_beta":false,"boss_relics":[],"items_purged_floors":[13],"is_endless":false,"potions_floor_spawned":[2,12,14],"killed_by":"Slime Boss","ascension_level":20,"potion_discard_per_floor":[[],[],[],[],[],[],[],[],[],[],[],[],[],["LiquidBronze"],[],[]]}