{"neow_bonuses_skipped_log":["THREE_CARDS","THREE_ENEMY_KILL","BOSS_RELIC"],"neow_costs_skipped_log":["NONE","NONE","NONE"],"gold_per_floor":[19,34,34,55,68,68,99,99,148,179,197,197,218,232,232,331,331,355,378,57,80,80,80,80,100,100,121,121,38,82,98,98,193,193,217,1216,1235,1235,642,642,666,702,772,622,704,737,737,737,737,737],"floor_reached":50,"playtime":4365,"items_purged":["Neutralize","Normality","Normality"],"score":1114,"play_id":"42ecd8cc-a8d2-4e46-8825-7934e21002fe","local_time":"20220524133044","is_ascension_mode":true,"campfire_choices":[{"data":"Dagger Spray","floor":6,"key":"SMITH"},{"data":"Transmutation","floor":8,"key":"SMITH"},{"floor":15,"key":"REST"},{"data":"Doppelganger","floor":23,"key":"SMITH"},{"floor":28,"key":"REST"},{"floor":32,"key":"REST"},{"floor":40,"key":"RECALL"},{"data":"Predator","floor":49,"key":"SMITH"}],"neow_cost":"NO_GOLD","seed_source_timestamp":878931112519300,"shop_contents":[{"floor":20,"relics":["Mummified Hand","Cauldron"],"cards":["Poisoned Stab","Bane","Doppelganger","Infinite Blades","Madness","Magnetism"],"potions":["CultistPotion","SkillPotion"]},{"floor":29,"relics":["Kunai","Happy Flower","TwistedFunnel"],"cards":["Quick Slash","Heel Hook","Venomology","Well Laid Plans","Mind Blast","Master of Strategy"],"potions":["Strength Potion","AttackPotion","GamblersBrew"]},{"floor":39,"relics":["Molten Egg 2"],"cards":["All Out Attack","Endless Agony","Adrenaline+1","Reflex+1","Impatience+1","Transmutation+1"],"potions":["SkillPotion","Strength Potion","FearPotion"]},{"floor":44,"relics":["Frozen Egg 2","Bag of Preparation","Sling"],"cards":["All Out Attack","Bane","Adrenaline+1","Accuracy","Enlightenment+1","Master of Strategy+1"],"potions":["GamblersBrew","FearPotion","FearPotion"]}],"circlet_count":0,"master_deck":["AscendersBane","Strike_G","Strike_G","Strike_G","Strike_G","Strike_G","Defend_G","Defend_G","Defend_G","Defend_G","Defend_G","Survivor","Transmutation+1","Dash","Flying Knee","Masterful Stab","Dagger Spray+1","Flying Knee","Dash","Phantasmal Killer","Leg Sweep","Doppelganger+1","PiercingWail","Acrobatics","Acrobatics","Predator+1","Necronomicurse","PiercingWail","Choke","Terror","Crippling Poison+1","Bullet Time+1","Outmaneuver+1","Expertise+1","After Image","Acrobatics+1","Discovery+1"],"potion_use_per_floor":[[],[],[],[],[],[],["LiquidMemories","GamblersBrew"],[],[],[],[],[],[],[],[],["Weak Potion"],[],["SpeedPotion"],[],[],[],[],[],[],[],[],[],[],[],["BlessingOfTheForge"],[],[],[],[],[],[],[],[],[],[],[],[],[],[],[],[],[],[],[],["ColorlessPotion"]],"relics":["Ring of the Snake","Golden Idol","StrikeDummy","Pen Nib","Anchor","Snecko Eye","Strawberry","Necronomicon","Pear","Toxic Egg 2","Sozu","ClockworkSouvenir","Vajra","MealTicket","White Beast Statue","Akabeko"],"potions_floor_usage":[7,7,16,18,30,50],"damage_taken":[{"damage":1,"enemies":"Small Slimes","floor":1,"turns":5},{"damage":0,"enemies":"Cultist","floor":2,"turns":5},{"damage":0,"enemies":"2 Louse","floor":4,"turns":4},{"damage":0,"enemies":"Blue Slaver","floor":5,"turns":4},{"damage":20,"enemies":"Gremlin Nob","floor":7,"turns":4},{"damage":16,"enemies":"Lagavulin","floor":10,"turns":7},{"damage":0,"enemies":"Large Slime","floor":11,"turns":4},{"damage":0,"enemies":"Exordium Wildlife","floor":13,"turns":2},{"damage":0,"enemies":"Looter","floor":14,"turns":2},{"damage":13,"enemies":"Slime Boss","floor":16,"turns":9},{"damage":4,"enemies":"Spheric Guardian","floor":18,"turns":4},{"damage":16,"enemies":"3 Byrds","floor":19,"turns":7},{"damage":0,"enemies":"3 Cultists","floor":21,"turns":4},{"damage":0,"enemies":"Snake Plant","floor":25,"turns":2},{"damage":0,"enemies":"Snecko","floor":27,"turns":5},{"damage":2,"enemies":"Slavers","floor":30,"turns":3},{"damage":18,"enemies":"Sentry and Sphere","floor":31,"turns":6},{"damage":21,"enemies":"Automaton","floor":33,"turns":12},{"damage":1,"enemies":"3 Shapes","floor":35,"turns":5},{"damage":0,"enemies":"3 Darklings","floor":37,"turns":5},{"damage":0,"enemies":"4 Shapes","floor":41,"turns":3},{"damage":3,"enemies":"Nemesis","floor":42,"turns":3},{"damage":14,"enemies":"Giant Head","floor":46,"turns":6},{"damage":58,"enemies":"Time Eater","floor":50,"turns":5}],"seed_played":"1600057351422602723","neow_bonus_log":{"cardsObtained":[],"cardsUpgraded":[],"cardsRemoved":[],"cardsTransformed":[],"relicsObtained":[],"maxHpGained":0,"goldGained":0,"damageTaken":0,"goldLost":99,"maxHpLost":0},"potions_obtained":[{"floor":1,"key":"GamblersBrew"},{"floor":4,"key":"LiquidMemories"},{"floor":11,"key":"SpeedPotion"},{"floor":14,"key":"Weak Potion"},{"floor":25,"key":"BlessingOfTheForge"},{"floor":31,"key":"Ancient Potion"}],"is_trial":false,"path_per_floor":["M","M","?","M","M","R","E","R","T","E","M","?","M","M","R","B",null,"M","M","$","M","?","R","?","M","T","M","R","$","E","M","R","B",null,"M","?","M","?","$","R","M","E","T","$","T","E","?","?","R","B"],"character_chosen":"THE_SILENT","items_purchased":["Acrobatics","Strawberry","ColorlessPotion","Terror","ClockworkSouvenir","Vajra","After Image","Acrobatics+1"],"campfire_rested":3,"item_purchase_floors":[20,20,20,29,39,39,39,44],"current_hp_per_floor":[58,58,58,58,58,58,38,38,38,22,22,22,22,22,40,27,52,48,32,39,39,39,39,18,18,28,28,51,51,49,31,54,33,66,65,65,65,65,65,65,65,62,62,77,77,63,63,53,53,0],"gold":737,"neow_bonus":"RANDOM_COLORLESS_2","is_prod":false,"is_daily":false,"rewards_skipped":[{"floor":27,"relics":[],"potions":["Poison Potion"]},{"floor":33,"relics":[],"potions":["Poison Potion"]},{"floor":37,"relics":[],"potions":["LiquidMemories"]},{"floor":41,"relics":[],"potions":["Block Potion"]},{"floor":46,"relics":[],"potions":["SneckoOil"]}],"chose_seed":false,"campfire_upgraded":4,"win_rate":0,"floor_exit_playtime":[468,562,571,673,742,752,958,1005,1010,1145,1205,1249,1295,1424,1433,1760,1921,2055,2243,2344,2426,2522,2529,2554,2605,2614,2717,2722,2739,2879,3012,3017,3343,3463,3551,3615,3709,3732,3796,3810,3857,3950,3956,4048,4053,4171,4180,4227,4236],"timestamp":1653413444,"blue_key_relic_skipped_log":{"floor":43,"relicID":"Letter Opener"},"path_taken":["M","M","?","M","M","R","E","R","T","E","M","?","M","M","R","BOSS","M","M","$","?","?","R","?","M","T","M","R","$","E","M","R","BOSS","M","?","M","?","$","R","M","E","T","$","?","E","?","?","R","BOSS"],"build_version":"2022-03-07","purchased_purges":3,"victory":false,"max_hp_per_floor":[66,66,60,60,60,60,60,60,60,60,60,60,60,60,60,60,60,60,60,67,67,67,67,67,67,77,77,77,77,77,77,77,77,77,77,77,77,77,77,77,77,77,77,77,77,77,73,73,73,73],"relic_stats":{"Sozu":3,"counters":[24,116],"Golden Idol":132,"Snecko Eye":[134,161,131,133,-192],"MealTicket":15,"Pen Nib":[21],"Necronomicon":[22],"obtain_stats":[{"Pear":26,"Golden Idol":3,"Vajra":39,"Pen Nib":9,"White Beast Statue":45,"Akabeko":46,"ClockworkSouvenir":39,"Sozu":34,"Anchor":10,"Strawberry":20,"Snecko Eye":17,"MealTicket":42,"Necronomicon":24,"Toxic Egg 2":30,"StrikeDummy":7,"Ring of the Snake":0},{"Pear":14,"Golden Idol":2,"Vajra":20,"Pen Nib":5,"White Beast Statue":22,"Akabeko":23,"ClockworkSouvenir":20,"Sozu":18,"Anchor":6,"Strawberry":12,"Snecko Eye":10,"MealTicket":22,"Necronomicon":13,"Toxic Egg 2":16,"StrikeDummy":5,"Ring of the Snake":0},{"Pear":63,"Golden Idol":10,"Vajra":99,"Pen Nib":22,"White Beast Statue":105,"Akabeko":111,"ClockworkSouvenir":99,"Sozu":89,"Anchor":29,"Strawberry":57,"Snecko Eye":46,"MealTicket":105,"Necronomicon":61,"Toxic Egg 2":71,"StrikeDummy":22,"Ring of the Snake":0}],"White Beast Statue":[0.0,0.0,0.0,0.4,0.0,0.6000000000000001,0.0,0.0,0.0,0.0,0.0,0.4],"Ring of the Snake":[48]},"card_choices":[{"not_picked":["Thinking Ahead","Panache"],"picked":"Transmutation","floor":0},{"not_picked":["Deflect","Acrobatics"],"picked":"Dash","floor":1},{"not_picked":["Cloak And Dagger","Bane"],"picked":"Flying Knee","floor":2},{"not_picked":["Deadly Poison","Dagger Spray"],"picked":"Masterful Stab","floor":4},{"not_picked":["Backflip","Quick Slash"],"picked":"Dagger Spray","floor":5},{"not_picked":["Poisoned Stab","Dagger Throw","Acrobatics"],"picked":"SKIP","floor":7},{"not_picked":["Poisoned Stab","Dagger Throw","Acrobatics"],"picked":"SKIP","floor":7},{"not_picked":["Deflect","Setup"],"picked":"Flying Knee","floor":10},{"not_picked":["All Out Attack","Storm of Steel"],"picked":"Dash","floor":11},{"not_picked":["Setup","Dagger Throw"],"picked":"Leg Sweep","floor":13},{"not_picked":["Blade Dance","Riddle With Holes","Dagger Spray"],"picked":"SKIP","floor":14},{"not_picked":["Bullet Time","Wraith Form v2"],"picked":"Doppelganger","floor":16},{"not_picked":["Caltrops","Backflip"],"picked":"PiercingWail","floor":18},{"not_picked":["Concentrate","Dagger Spray","Prepared"],"picked":"SKIP","floor":19},{"not_picked":["Blade Dance","Bane"],"picked":"Acrobatics","floor":21},{"not_picked":["Accuracy","Concentrate","Crippling Poison","Well Laid Plans","Outmaneuver","Caltrops","Poisoned Stab","Terror","Dagger Spray","Dodge and Roll","Backflip","Sucker Punch","Venomology","Dagger Throw","Quick Slash","Tactician","Heel Hook","Endless Agony","Bane"],"picked":"Predator","floor":22},{"not_picked":["Setup","Slice"],"picked":"PiercingWail","floor":25},{"not_picked":["Caltrops","Noxious Fumes"],"picked":"Choke","floor":27},{"not_picked":["Underhanded Strike","Riddle With Holes+1","Concentrate+1"],"picked":"SKIP","floor":30},{"not_picked":["Flying Knee","Slice"],"picked":"Crippling Poison+1","floor":31},{"not_picked":["Adrenaline+1","Malaise+1"],"picked":"Bullet Time+1","floor":33},{"not_picked":["Expertise+1","Dagger Throw+1"],"picked":"Outmaneuver+1","floor":35},{"not_picked":["Masterful Stab","Underhanded Strike"],"picked":"Expertise+1","floor":37},{"not_picked":["Bane+1","Setup+1","Concentrate+1"],"picked":"SKIP","floor":41},{"not_picked":["Prepared+1","Flying Knee","Underhanded Strike+1"],"picked":"SKIP","floor":42},{"not_picked":["Blade Dance+1","Heel Hook","Deadly Poison+1"],"picked":"SKIP","floor":46},{"not_picked":["Finesse+1","Flash of Steel"],"picked":"Discovery+1","floor":48},{"not_picked":["Finesse+1","Impatience+1","Mind Blast"],"picked":"SKIP","floor":48},{"not_picked":["Forethought+1","Chrysalis+1","Jack Of All Trades+1"],"picked":"SKIP","floor":48}],"player_experience":7010429,"relics_obtained":[{"floor":7,"key":"StrikeDummy"},{"floor":9,"key":"Pen Nib"},{"floor":10,"key":"Anchor"},{"floor":24,"key":"Necronomicon"},{"floor":26,"key":"Pear"},{"floor":30,"key":"Toxic Egg 2"},{"floor":42,"key":"MealTicket"},{"floor":45,"key":"White Beast Statue"},{"floor":46,"key":"Akabeko"}],"event_choices":[{"damage_healed":0,"gold_gain":0,"player_choice":"Lose Max HP","damage_taken":0,"relics_obtained":["Golden Idol"],"max_hp_gain":0,"max_hp_loss":6,"event_name":"Golden Idol","floor":3,"gold_loss":0},{"damage_healed":0,"gold_gain":0,"player_choice":"1 cards matched","damage_taken":0,"max_hp_gain":0,"max_hp_loss":0,"event_name":"Match and Keep!","floor":12,"gold_loss":0,"cards_obtained":["Phantasmal Killer"]},{"damage_healed":0,"gold_gain":0,"player_choice":"Read","damage_taken":0,"max_hp_gain":0,"max_hp_loss":0,"event_name":"The Library","floor":22,"gold_loss":0,"cards_obtained":["Predator"]},{"damage_healed":0,"gold_gain":0,"player_choice":"Obtained Book","damage_taken":21,"max_hp_gain":0,"max_hp_loss":0,"event_name":"Cursed Tome","floor":24,"gold_loss":0},{"damage_healed":0,"gold_gain":999,"player_choice":"Gold","damage_taken":0,"max_hp_gain":0,"max_hp_loss":0,"event_name":"MindBloom","floor":36,"gold_loss":0,"cards_obtained":["Normality","Normality"]},{"damage_healed":0,"gold_gain":0,"player_choice":"Ignored","damage_taken":0,"max_hp_gain":0,"max_hp_loss":0,"event_name":"Mysterious Sphere","floor":38,"gold_loss":0},{"damage_healed":0,"gold_gain":0,"player_choice":"Max HP","damage_taken":0,"max_hp_gain":0,"max_hp_loss":4,"event_name":"Winding Halls","floor":47,"gold_loss":0},{"damage_healed":0,"gold_gain":0,"player_choice":"Memory 3","damage_taken":10,"max_hp_gain":0,"max_hp_loss":0,"event_name":"SensoryStone","floor":48,"gold_loss":0}],"is_beta":false,"boss_relics":[{"not_picked":["Tiny House","Runic Dome"],"picked":"Snecko Eye"},{"not_picked":["HoveringKite","Astrolabe"],"picked":"Sozu"}],"items_purged_floors":[20,39,44],"is_endless":false,"potions_floor_spawned":[1,4,11,14,25,27,31,33,37,41,46],"killed_by":"Time Eater","ascension_level":20,"potion_discard_per_floor":[[],[],[],[],[],[],[],[],[],[],[],[],[],[],[],[],[],[],[],[],[],[],[],[],[],[],[],[],[],[],[],[],[],[],[],[],[],[],[],[],[],[],[],[],[],[],[],[],[],[]]}