{"neow_bonuses_skipped_log":["REMOVE_CARD","HUNDRED_GOLD","BOSS_RELIC"],"neow_costs_skipped_log":["NONE","NONE","NONE"],"gold_per_floor":[366,376,35,110,110,110,125,142,169,203,223,252,252,281,281,352,352,367,386,386,204,218,218,247,267,267,286,286,312,412,302,302,375,375,395,410,422,442,513,513,545,545,568,568,582,611,611,636,636,636,636,636,636,76,103,103],"floor_reached":57,"playtime":4559,"items_purged":["Strike_G","Strike_G"],"score":3015,"play_id":"ed6839ab-3567-4dd4-b1c7-2c226e5f2733","local_time":"20220525133226","is_ascension_mode":true,"campfire_choices":[{"data":"Noxious Fumes","floor":6,"key":"SMITH"},{"data":"Glass Knife","floor":13,"key":"SMITH"},{"data":"Well Laid Plans","floor":15,"key":"SMITH"},{"data":"Corpse Explosion","floor":23,"key":"SMITH"},{"data":"Catalyst","floor":28,"key":"SMITH"},{"data":"Calculated Gamble","floor":32,"key":"SMITH"},{"data":"Crippling Poison","floor":40,"key":"SMITH"},{"floor":42,"key":"RECALL"},{"data":"Reflex","floor":44,"key":"SMITH"},{"data":"Night Terror","floor":47,"key":"SMITH"},{"data":"Leg Sweep","floor":49,"key":"SMITH"},{"data":"Tools of the Trade","floor":53,"key":"SMITH"}],"neow_cost":"TEN_PERCENT_HP_LOSS","seed_source_timestamp":965214757416900,"shop_contents":[{"floor":3,"relics":["Pen Nib","PrismaticShard"],"cards":["Finisher","Eviscerate","Deflect","Dodge and Roll","Discovery","Violence"],"potions":["PowerPotion","Dexterity Potion","ColorlessPotion"]},{"floor":21,"relics":["TungstenRod","Molten Egg 2","TheAbacus"],"cards":["Backstab","Die Die Die","Outmaneuver","Backflip","Noxious Fumes","PanicButton","The Bomb"],"potions":["SpeedPotion"]},{"floor":54,"relics":["Chemical X"],"cards":["Poisoned Stab","Bane","Tactician","Acrobatics","Mind Blast","HandOfGreed"],"potions":["CultistPotion","CunningPotion"]}],"circlet_count":0,"master_deck":["AscendersBane","Strike_G","Strike_G","Defend_G","Defend_G","Defend_G","Defend_G","Defend_G","Survivor","Neutralize+1","Deadly Poison","Well Laid Plans+1","Noxious Fumes+1","Bouncing Flask+1","Dagger Throw","Glass Knife+1","Escape Plan","Backflip","Corpse Explosion+1","Reflex+1","Tactician+1","Sucker Punch","Catalyst+1","Calculated Gamble+1","Leg Sweep+1","Acrobatics","Tools of the Trade+1","Night Terror+1","Crippling Poison+1","PiercingWail","PiercingWail","Deadly Poison+1","Footwork","Crippling Poison+1"],"potion_use_per_floor":[[],[],[],[],[],[],[],[],[],["Energy Potion","Fire Potion"],[],["Swift Potion"],[],[],[],[],[],[],["ColorlessPotion"],[],[],[],[],["SteroidPotion","Block Potion"],[],[],[],[],["EssenceOfSteel"],["Fire Potion"],[],[],[],[],[],["EssenceOfSteel"],[],[],[],[],[],[],[],[],[],[],[],[],[],[],[],[],[],[],[],["Ancient Potion"],[]],"relics":["Ring of the Snake","Paper Crane","Bronze Scales","Toy Ornithopter","Bag of Marbles","StrikeDummy","Coffee Dripper","Happy Flower","Pantograph","Shuriken","Gambling Chip","Ornamental Fan","Velvet Choker","Bottled Flame","Smiling Mask","Orichalcum","The Specimen","Bag of Preparation","Anchor","Pocketwatch"],"potions_floor_usage":[10,10,12,19,24,24,29,30,36,56],"damage_taken":[{"damage":3,"enemies":"Cultist","floor":1,"turns":5},{"damage":4,"enemies":"Jaw Worm","floor":2,"turns":5},{"damage":0,"enemies":"2 Louse","floor":7,"turns":3},{"damage":8,"enemies":"Exordium Wildlife","floor":8,"turns":5},{"damage":0,"enemies":"Gremlin Nob","floor":10,"turns":3},{"damage":9,"enemies":"Red Slaver","floor":11,"turns":3},{"damage":9,"enemies":"Lagavulin","floor":12,"turns":7},{"damage":27,"enemies":"Gremlin Nob","floor":14,"turns":4},{"damage":0,"enemies":"The Guardian","floor":16,"turns":9},{"damage":0,"enemies":"Spheric Guardian","floor":18,"turns":3},{"damage":12,"enemies":"Shell Parasite","floor":19,"turns":3},{"damage":0,"enemies":"3 Cultists","floor":22,"turns":3},{"damage":18,"enemies":"Slavers","floor":24,"turns":3},{"damage":5,"enemies":"Snecko","floor":25,"turns":4},{"damage":0,"enemies":"Centurion and Healer","floor":27,"turns":3},{"damage":4,"enemies":"Book of Stabbing","floor":29,"turns":4},{"damage":5,"enemies":"Colosseum Slavers","floor":30,"turns":2},{"damage":7,"enemies":"Colosseum Nobs","floor":30,"turns":3},{"damage":11,"enemies":"Collector","floor":33,"turns":6},{"damage":0,"enemies":"Orb Walker","floor":35,"turns":2},{"damage":2,"enemies":"3 Darklings","floor":36,"turns":3},{"damage":0,"enemies":"Sphere and 2 Shapes","floor":37,"turns":2},{"damage":10,"enemies":"Spire Growth","floor":38,"turns":4},{"damage":25,"enemies":"Nemesis","floor":41,"turns":7},{"damage":0,"enemies":"Maw","floor":45,"turns":2},{"damage":14,"enemies":"Reptomancer","floor":46,"turns":2},{"damage":0,"enemies":"Mind Bloom Boss Battle","floor":48,"turns":4},{"damage":13,"enemies":"Awakened One","floor":50,"turns":17},{"damage":0,"enemies":"Donu and Deca","floor":51,"turns":3},{"damage":0,"enemies":"Shield and Spear","floor":55,"turns":3},{"damage":32,"enemies":"The Heart","floor":56,"turns":8}],"seed_played":"8124921121595776075","neow_bonus_log":{"cardsObtained":[],"cardsUpgraded":[],"cardsRemoved":[],"cardsTransformed":[],"relicsObtained":[],"maxHpGained":0,"goldGained":250,"damageTaken":0,"goldLost":0,"maxHpLost":6},"potions_obtained":[{"floor":2,"key":"Fire Potion"},{"floor":7,"key":"Energy Potion"},{"floor":11,"key":"Swift Potion"},{"floor":14,"key":"ColorlessPotion"},{"floor":25,"key":"Fire Potion"},{"floor":27,"key":"EssenceOfSteel"},{"floor":30,"key":"Ancient Potion"},{"floor":35,"key":"EssenceOfSteel"},{"floor":41,"key":"SteroidPotion"}],"is_trial":false,"path_per_floor":["M","M","$","?","?","R","M","M","T","E","M","E","R","E","R","B",null,"M","M","?","$","M","R","E","M","T","M","R","E","?","?","R","B",null,"M","M","M","M","T","R","E","R","T","R","M","E","R","?","R","B","B",null,"R","$","E","B",null],"character_chosen":"THE_SILENT","items_purchased":["Paper Crane","Noxious Fumes","Block Potion","SteroidPotion","Bag of Preparation","Anchor","Footwork","FairyPotion"],"campfire_rested":0,"item_purchase_floors":[3,3,21,21,54,54,54,54],"current_hp_per_floor":[56,52,52,41,60,60,60,52,52,52,43,39,39,12,12,12,48,48,41,41,41,41,41,33,28,28,28,28,29,22,22,22,36,54,54,57,57,47,47,47,22,22,22,22,22,8,8,33,33,45,60,60,60,60,60,30],"gold":103,"neow_bonus":"TWO_FIFTY_GOLD","is_prod":false,"is_daily":false,"rewards_skipped":[{"floor":22,"relics":[],"potions":["CultistPotion"]},{"floor":55,"relics":[],"potions":["FairyPotion"]}],"chose_seed":false,"campfire_upgraded":11,"win_rate":0,"floor_exit_playtime":[170,290,398,406,437,501,572,686,704,840,950,1060,1069,1191,1202,1369,1539,1631,1723,1752,1888,1962,1973,2046,2112,2120,2188,2200,2283,2469,2494,2541,2722,2834,2884,2985,3036,3131,3150,3164,3299,3304,3308,3320,3362,3492,3500,3595,3609,3953,4032,4064,4077,4140,4283,4559],"timestamp":1653499946,"blue_key_relic_skipped_log":{"floor":39,"relicID":"InkBottle"},"path_taken":["M","?","$","?","?","R","M","M","T","E","M","E","R","E","R","BOSS","M","M","?","$","M","R","E","M","T","?","R","E","?","?","R","BOSS","M","M","?","M","?","R","E","R","T","R","M","E","R","?","R","BOSS","BOSS","R","$","E","BOSS"],"build_version":"2022-03-07","purchased_purges":2,"victory":true,"max_hp_per_floor":[60,60,60,60,60,60,60,60,60,60,60,60,60,60,60,60,60,60,60,60,60,60,60,60,60,60,60,60,60,60,60,60,60,60,60,60,60,60,60,60,60,60,60,60,60,60,60,60,60,60,60,60,60,60,60,60],"relic_stats":{"Happy Flower":[26],"The Specimen":[344],"counters":[31,135],"Bag of Preparation":[4],"Orichalcum":[66],"Smiling Mask":50,"Bottled Flame":"Strike_G","Shuriken":[6],"Ornamental Fan":[20],"Bronze Scales":[409],"Pantograph":90,"Gambling Chip":[53],"obtain_stats":[{"Happy Flower":24,"The Specimen":48,"Velvet Choker":34,"Bag of Preparation":54,"Paper Crane":3,"Orichalcum":46,"Smiling Mask":43,"Bottled Flame":41,"Anchor":54,"Shuriken":29,"Ornamental Fan":30,"Bronze Scales":9,"Pantograph":26,"Gambling Chip":30,"Bag of Marbles":12,"Coffee Dripper":17,"StrikeDummy":14,"Toy Ornithopter":10,"Ring of the Snake":0,"Pocketwatch":55},{"Happy Flower":13,"The Specimen":27,"Velvet Choker":19,"Bag of Preparation":29,"Paper Crane":2,"Orichalcum":26,"Smiling Mask":24,"Bottled Flame":24,"Anchor":29,"Shuriken":16,"Ornamental Fan":18,"Bronze Scales":4,"Pantograph":14,"Gambling Chip":18,"Bag of Marbles":7,"Coffee Dripper":9,"StrikeDummy":8,"Toy Ornithopter":5,"Ring of the Snake":0,"Pocketwatch":30},{"Happy Flower":56,"The Specimen":104,"Velvet Choker":78,"Bag of Preparation":124,"Paper Crane":10,"Orichalcum":100,"Smiling Mask":96,"Bottled Flame":96,"Anchor":124,"Shuriken":67,"Ornamental Fan":72,"Bronze Scales":18,"Pantograph":60,"Gambling Chip":72,"Bag of Marbles":31,"Coffee Dripper":44,"StrikeDummy":35,"Toy Ornithopter":21,"Ring of the Snake":0,"Pocketwatch":127}],"Toy Ornithopter":37,"Ring of the Snake":[62],"Pocketwatch":[3]},"card_choices":[{"not_picked":["Blur","PiercingWail"],"picked":"Deadly Poison","floor":1},{"not_picked":["Quick Slash","Reflex"],"picked":"Well Laid Plans","floor":2},{"not_picked":["Underhanded Strike","Blade Dance"],"picked":"Bouncing Flask","floor":7},{"not_picked":["Cloak And Dagger","Accuracy"],"picked":"Dagger Throw","floor":8},{"not_picked":["All Out Attack","Tactician"],"picked":"Glass Knife","floor":10},{"not_picked":["Dagger Spray","Deadly Poison","Blade Dance"],"picked":"SKIP","floor":11},{"not_picked":["Dagger Spray","Deadly Poison","Blade Dance"],"picked":"SKIP","floor":11},{"not_picked":["Dagger Throw","Well Laid Plans"],"picked":"Escape Plan","floor":12},{"not_picked":["Quick Slash","Blade Dance"],"picked":"Backflip","floor":14},{"not_picked":["Bullet Time","After Image"],"picked":"Corpse Explosion","floor":16},{"not_picked":["Cloak And Dagger","Dagger Throw"],"picked":"Reflex","floor":18},{"not_picked":["Sucker Punch","Predator"],"picked":"Tactician+1","floor":19},{"not_picked":["Flying Knee","Dagger Spray"],"picked":"Sucker Punch","floor":22},{"not_picked":["Sucker Punch","Footwork"],"picked":"Catalyst","floor":24},{"not_picked":["Accuracy","Terror"],"picked":"Calculated Gamble","floor":25},{"not_picked":["Sucker Punch","PiercingWail"],"picked":"Leg Sweep","floor":27},{"not_picked":["Deadly Poison+1","Outmaneuver"],"picked":"Acrobatics","floor":29},{"not_picked":["Riddle With Holes","Expertise"],"picked":"Tools of the Trade","floor":30},{"not_picked":["Storm of Steel","Die Die Die"],"picked":"Night Terror","floor":33},{"not_picked":["Outmaneuver","Slice+1"],"picked":"Crippling Poison","floor":35},{"not_picked":["Deflect","Reflex"],"picked":"PiercingWail","floor":36},{"not_picked":["Underhanded Strike","Deflect"],"picked":"PiercingWail","floor":37},{"not_picked":["Backflip","Sucker Punch","Doppelganger"],"picked":"SKIP","floor":38},{"not_picked":["Acrobatics","Dodge and Roll","Deflect"],"picked":"SKIP","floor":41},{"not_picked":["Acrobatics","Dodge and Roll","Deflect"],"picked":"SKIP","floor":41},{"not_picked":["Flying Knee","Predator+1"],"picked":"Deadly Poison+1","floor":45},{"not_picked":["Expertise","Acrobatics","Dodge and Roll"],"picked":"SKIP","floor":46},{"not_picked":["Tactician","Cloak And Dagger","Skewer"],"picked":"SKIP","floor":48},{"not_picked":["Dodge and Roll","Outmaneuver+1"],"picked":"Crippling Poison+1","floor":55}],"player_experience":7017084,"relics_obtained":[{"floor":9,"key":"Bronze Scales"},{"floor":10,"key":"Toy Ornithopter"},{"floor":12,"key":"Bag of Marbles"},{"floor":14,"key":"StrikeDummy"},{"floor":24,"key":"Happy Flower"},{"floor":26,"key":"Pantograph"},{"floor":29,"key":"Shuriken"},{"floor":30,"key":"Gambling Chip"},{"floor":30,"key":"Ornamental Fan"},{"floor":41,"key":"Bottled Flame"},{"floor":43,"key":"Smiling Mask"},{"floor":46,"key":"Orichalcum"},{"floor":48,"key":"The Specimen"},{"floor":55,"key":"Pocketwatch"}],"event_choices":[{"damage_healed":0,"gold_gain":75,"player_choice":"Gather Gold","damage_taken":11,"max_hp_gain":0,"max_hp_loss":0,"event_name":"World of Goop","floor":4,"gold_loss":0},{"damage_healed":20,"gold_gain":0,"player_choice":"Banana","damage_taken":0,"max_hp_gain":0,"max_hp_loss":0,"event_name":"Big Fish","floor":5,"gold_loss":0},{"damage_healed":0,"gold_gain":0,"player_choice":"Forge","damage_taken":0,"max_hp_gain":0,"max_hp_loss":0,"event_name":"Accursed Blacksmith","floor":20,"gold_loss":0,"cards_upgraded":["Neutralize"]},{"damage_healed":0,"gold_gain":0,"player_choice":"Fight","damage_taken":0,"max_hp_gain":0,"max_hp_loss":0,"event_name":"Colosseum","floor":30,"gold_loss":0},{"damage_healed":0,"gold_gain":0,"player_choice":"Fought Nobs","damage_taken":0,"max_hp_gain":0,"max_hp_loss":0,"event_name":"Colosseum","floor":30,"gold_loss":0},{"cards_removed":["Strike_G"],"damage_healed":0,"gold_gain":0,"player_choice":"Upgrade and Remove","damage_taken":0,"max_hp_gain":0,"max_hp_loss":0,"event_name":"Designer","floor":31,"gold_loss":110,"cards_upgraded":["Bouncing Flask"]},{"damage_healed":0,"gold_gain":0,"player_choice":"Fight","damage_taken":0,"max_hp_gain":0,"max_hp_loss":0,"event_name":"MindBloom","floor":48,"gold_loss":0}],"is_beta":false,"boss_relics":[{"not_picked":["Snecko Eye","Astrolabe"],"picked":"Coffee Dripper"},{"not_picked":["WristBlade","Fusion Hammer"],"picked":"Velvet Choker"}],"items_purged_floors":[21,54],"is_endless":false,"potions_floor_spawned":[2,7,11,14,22,25,27,30,30,35,41,55],"ascension_level":20,"potion_discard_per_floor":[[],[],[],[],[],[],[],[],[],[],[],[],[],[],[],[],[],[],[],[],[],[],[],[],[],[],[],[],[],[],[],[],[],[],[],[],[],[],[],[],[],[],[],[],[],[],[],[],[],[],[],[],[],["SteroidPotion"],[],[],[]]}