{"neow_bonuses_skipped_log":["THREE_CARDS","TWENTY_PERCENT_HP_BONUS","BOSS_RELIC"],"neow_costs_skipped_log":["NONE","CURSE","NONE"],"gold_per_floor":[218,218,10,30,47,72,72,104,104,121,133,158,158,176,176,253,253,267,192,80,80,92,92,109,142,191,221,121,156,156,176,176,176],"floor_reached":33,"playtime":2290,"items_purged":["Strike_G","Strike_G"],"score":800,"play_id":"ca5c4d89-1f7d-41b9-a2fc-92368ce8c215","local_time":"20220524142027","is_ascension_mode":true,"campfire_choices":[{"data":"All Out Attack","floor":7,"key":"SMITH"},{"data":"Noxious Fumes","floor":15,"key":"SMITH"},{"data":"Tactician","floor":23,"key":"SMITH"},{"floor":32,"key":"REST"}],"neow_cost":"NONE","seed_source_timestamp":883991431236500,"shop_contents":[{"floor":3,"relics":["Strawberry","ClockworkSouvenir"],"cards":["Bane","PiercingWail","Cloak And Dagger","Infinite Blades","Trip","Secret Technique"],"potions":["GamblersBrew","Poison Potion","Dexterity Potion"]},{"floor":20,"relics":["Nunchaku","War Paint","Orrery"],"cards":["Skewer","Backflip","Leg Sweep","Infinite Blades","Jack Of All Trades","Master of Strategy"],"potions":["SteroidPotion","Strength Potion","Ancient Potion"]},{"floor":28,"relics":["Kunai","Bottled Tornado","Strange Spoon"],"cards":["Quick Slash","Bane","Backflip","Doppelganger","Envenom","Trip","Secret Weapon"],"potions":["SkillPotion","SmokeBomb","Energy Potion"]}],"circlet_count":0,"master_deck":["AscendersBane","Defend_G","Defend_G","Defend_G","Defend_G","Defend_G","Survivor","Neutralize","Flying Knee","Terror","Backstab","Backstab","All Out Attack+1","Noxious Fumes+1","Doppelganger","PiercingWail","Tactician+1","Noxious Fumes","Corpse Explosion","Acrobatics","Flechettes","Underhanded Strike","Underhanded Strike+1","Acrobatics","Night Terror","Flechettes"],"potion_use_per_floor":[[],[],[],[],[],["Strength Potion"],[],["Weak Potion"],[],[],[],["Regen Potion"],[],[],[],["SpeedPotion"],[],[],[],[],[],["Regen Potion"],[],["Explosive Potion"],[],[],["CunningPotion","LiquidMemories"],[],[],[],["EssenceOfSteel"],[],["Block Potion","Block Potion"]],"relics":["Ring of the Snake","Pen Nib","Darkstone Periapt","Bottled Flame","White Beast Statue","Vajra","Runic Pyramid","Regal Pillow","Peace Pipe","Anchor","Enchiridion"],"potions_floor_usage":[6,8,12,16,22,24,27,27,31,33,33],"damage_taken":[{"damage":1,"enemies":"2 Louse","floor":1,"turns":3},{"damage":0,"enemies":"Cultist","floor":4,"turns":2},{"damage":0,"enemies":"Jaw Worm","floor":5,"turns":2},{"damage":6,"enemies":"Gremlin Nob","floor":6,"turns":3},{"damage":1,"enemies":"Lagavulin","floor":8,"turns":5},{"damage":0,"enemies":"2 Fungi Beasts","floor":10,"turns":2},{"damage":0,"enemies":"Exordium Wildlife","floor":11,"turns":3},{"damage":25,"enemies":"3 Sentries","floor":12,"turns":7},{"damage":3,"enemies":"Looter","floor":14,"turns":2},{"damage":3,"enemies":"Slime Boss","floor":16,"turns":8},{"damage":0,"enemies":"2 Thieves","floor":18,"turns":1},{"damage":8,"enemies":"Chosen","floor":22,"turns":6},{"damage":9,"enemies":"Centurion and Healer","floor":24,"turns":3},{"damage":18,"enemies":"Gremlin Leader","floor":25,"turns":3},{"damage":0,"enemies":"Slavers","floor":27,"turns":2},{"damage":0,"enemies":"Gremlin Leader","floor":29,"turns":5},{"damage":4,"enemies":"Snake Plant","floor":31,"turns":2},{"damage":47,"enemies":"Champ","floor":33,"turns":9}],"seed_played":"3681075396209805127","neow_bonus_log":{"cardsObtained":[],"cardsUpgraded":[],"cardsRemoved":[],"cardsTransformed":[],"relicsObtained":[],"maxHpGained":0,"goldGained":100,"damageTaken":0,"goldLost":0,"maxHpLost":0},"potions_obtained":[{"floor":4,"key":"Strength Potion"},{"floor":6,"key":"Weak Potion"},{"floor":10,"key":"Regen Potion"},{"floor":11,"key":"SpeedPotion"},{"floor":12,"key":"SpeedPotion"},{"floor":14,"key":"Swift Potion"},{"floor":16,"key":"Explosive Potion"},{"floor":18,"key":"Regen Potion"},{"floor":22,"key":"Ancient Potion"},{"floor":24,"key":"CunningPotion"},{"floor":25,"key":"LiquidMemories"},{"floor":27,"key":"Block Potion"},{"floor":29,"key":"EssenceOfSteel"},{"floor":31,"key":"Block Potion"}],"is_trial":false,"path_per_floor":["M","?","$","M","M","E","R","E","T","M","M","E","?","M","R","B",null,"M","?","$","?","M","R","M","E","T","E","$","E","?","M","R","B"],"character_chosen":"THE_SILENT","items_purchased":["Pen Nib","Backstab","Flechettes"],"campfire_rested":1,"item_purchase_floors":[3,3,20],"current_hp_per_floor":[58,58,58,58,58,52,52,51,51,51,51,41,41,38,38,35,58,58,58,58,58,64,64,55,37,37,37,37,37,16,12,46,0],"gold":176,"neow_bonus":"HUNDRED_GOLD","is_prod":false,"is_daily":false,"rewards_skipped":[],"chose_seed":false,"campfire_upgraded":3,"win_rate":0,"floor_exit_playtime":[84,112,165,209,266,364,371,506,513,568,613,759,825,870,877,1032,1148,1228,1253,1324,1351,1433,1463,1542,1649,1660,1757,1799,1908,1932,1990,2053],"timestamp":1653416427,"blue_key_relic_skipped_log":{"floor":26,"relicID":"Boot"},"path_taken":["M","?","$","M","M","E","R","E","T","?","M","E","?","M","R","BOSS","M","?","$","?","M","R","?","E","T","E","$","E","?","M","R","BOSS"],"build_version":"2022-03-07","purchased_purges":2,"victory":false,"max_hp_per_floor":[66,66,66,66,66,66,66,66,66,66,66,66,66,66,66,66,66,66,66,66,66,66,66,66,66,66,66,66,66,66,66,66,66],"relic_stats":{"Darkstone Periapt":0,"Peace Pipe":0,"Bottled Flame":"All Out Attack","Regal Pillow":15,"counters":[18,68],"Pen Nib":[13],"obtain_stats":[{"Darkstone Periapt":6,"Peace Pipe":27,"Bottled Flame":8,"Regal Pillow":25,"Anchor":29,"Vajra":12,"Enchiridion":30,"Pen Nib":3,"White Beast Statue":9,"Ring of the Snake":0,"Runic Pyramid":17},{"Darkstone Periapt":4,"Peace Pipe":15,"Bottled Flame":5,"Regal Pillow":14,"Anchor":16,"Vajra":8,"Enchiridion":16,"Pen Nib":1,"White Beast Statue":5,"Ring of the Snake":0,"Runic Pyramid":10},{"Darkstone Periapt":10,"Peace Pipe":52,"Bottled Flame":15,"Regal Pillow":50,"Anchor":57,"Vajra":27,"Enchiridion":57,"Pen Nib":3,"White Beast Statue":15,"Ring of the Snake":0,"Runic Pyramid":37}],"White Beast Statue":[0.0,0.02499840000000001,0.0,0.27258880000000013,0.0,0.4967808000000003,0.0,0.1935360000000001,0.0,0.012096000000000006,0.0,5.6048576],"Ring of the Snake":[36]},"card_choices":[{"not_picked":["Quick Slash","Cloak And Dagger"],"picked":"Flying Knee","floor":1},{"not_picked":["Sucker Punch","Underhanded Strike"],"picked":"Backstab","floor":4},{"not_picked":["Underhanded Strike","Heel Hook"],"picked":"All Out Attack","floor":5},{"not_picked":["Bane","Caltrops","Underhanded Strike"],"picked":"SKIP","floor":6},{"not_picked":["All Out Attack","Dodge and Roll"],"picked":"Noxious Fumes","floor":8},{"not_picked":["Acrobatics","Slice"],"picked":"Doppelganger","floor":10},{"not_picked":["Deadly Poison","Setup"],"picked":"PiercingWail","floor":11},{"not_picked":["Outmaneuver","Dodge and Roll","Slice"],"picked":"SKIP","floor":12},{"not_picked":["PiercingWail","Deflect"],"picked":"Noxious Fumes","floor":14},{"not_picked":["Die Die Die","Bullet Time"],"picked":"Corpse Explosion","floor":16},{"not_picked":["Dodge and Roll","Quick Slash"],"picked":"Acrobatics","floor":18},{"not_picked":["Riddle With Holes","Dagger Spray","Dodge and Roll"],"picked":"SKIP","floor":22},{"not_picked":["Sucker Punch","Eviscerate"],"picked":"Underhanded Strike","floor":24},{"not_picked":["Dash","Reflex"],"picked":"Underhanded Strike+1","floor":25},{"not_picked":["Cloak And Dagger+1","Slice+1"],"picked":"Acrobatics","floor":27},{"not_picked":["Cloak And Dagger","Choke"],"picked":"Night Terror","floor":29},{"not_picked":["Dodge and Roll","Outmaneuver"],"picked":"Flechettes","floor":31}],"player_experience":7014794,"relics_obtained":[{"floor":6,"key":"Darkstone Periapt"},{"floor":8,"key":"Bottled Flame"},{"floor":9,"key":"White Beast Statue"},{"floor":12,"key":"Vajra"},{"floor":25,"key":"Regal Pillow"},{"floor":27,"key":"Peace Pipe"},{"floor":29,"key":"Anchor"},{"floor":30,"key":"Enchiridion"}],"event_choices":[{"damage_healed":0,"gold_gain":0,"cards_transformed":["Strike_G"],"player_choice":"Transformed","damage_taken":0,"max_hp_gain":0,"max_hp_loss":0,"event_name":"Transmorgrifier","floor":2,"gold_loss":0,"cards_obtained":["Terror"]},{"damage_healed":0,"gold_gain":0,"cards_transformed":["Strike_G"],"player_choice":"Change","damage_taken":0,"max_hp_gain":0,"max_hp_loss":0,"event_name":"Living Wall","floor":13,"gold_loss":0,"cards_obtained":["Tactician"]},{"cards_removed":["Strike_G"],"damage_healed":0,"gold_gain":0,"player_choice":"Gave Gold","damage_taken":0,"max_hp_gain":0,"max_hp_loss":0,"event_name":"Beggar","floor":19,"gold_loss":75},{"damage_healed":0,"gold_gain":0,"player_choice":"Obtained Book","damage_taken":21,"max_hp_gain":0,"max_hp_loss":0,"event_name":"Cursed Tome","floor":30,"gold_loss":0}],"is_beta":false,"boss_relics":[{"not_picked":["Pandora\u0027s Box","Empty Cage"],"picked":"Runic Pyramid"}],"items_purged_floors":[20,28],"is_endless":false,"potions_floor_spawned":[4,6,10,11,12,14,16,18,22,24,25,27,29,31],"killed_by":"Champ","ascension_level":20,"potion_discard_per_floor":[[],[],[],[],[],[],[],[],[],[],[],[],[],["SpeedPotion"],[],[],[],["Swift Potion"],[],[],[],[],[],[],["Ancient Potion"],[],[],[],[],[],[],[],[]]}