{"gold_per_floor":[118,135,210,2,22,50,50,112,112,123,137,137,137,171,171,249,249,269,184,1,11,27,27,77,77,77,109,109,143,160,172,172,250,250,261,55,70,70,7,33,80,114,114,140,140,166,166,182,182,182,182,182,182,26,60,60],"floor_reached":57,"playtime":6351,"items_purged":["Strike_G","Strike_G","Defend_G"],"score":3257,"play_id":"f226208e-a194-4625-a820-35d7fa65c938","local_time":"20220520140837","falling_options_log":["Malaise","Footwork+1"],"is_ascension_mode":true,"campfire_choices":[{"data":"Bouncing Flask","floor":12,"key":"SMITH"},{"data":"Noxious Fumes","floor":15,"key":"SMITH"},{"data":"Footwork","floor":23,"key":"SMITH"},{"data":"Corpse Explosion","floor":25,"key":"SMITH"},{"data":"Cloak And Dagger","floor":28,"key":"SMITH"},{"data":"Burst","floor":32,"key":"SMITH"},{"floor":47,"key":"RECALL"},{"data":"Adrenaline","floor":49,"key":"SMITH"},{"data":"Malaise","floor":53,"key":"SMITH"}],"neow_cost":"NONE","seed_source_timestamp":533597698922500,"shop_contents":[{"floor":4,"relics":["CaptainsWheel","Potion Belt","OrangePellets"],"cards":["Bane","Endless Agony","Backflip","Leg Sweep","Finesse","Master of Strategy"],"potions":["LiquidBronze","Ancient Potion"]},{"floor":20,"relics":["War Paint","Singing Bowl","Orrery"],"cards":["Die Die Die","Endless Agony","Tactician","Accuracy","Trip","Magnetism"],"potions":["SpeedPotion","SteroidPotion","BlessingOfTheForge"]},{"floor":36,"relics":["Snake Skull","Juzu Bracelet"],"cards":["Flechettes","Eviscerate","Expertise","Corpse Explosion","Accuracy","Violence"],"potions":["LiquidMemories","ColorlessPotion","EssenceOfSteel"]},{"floor":39,"relics":["Torii","Peace Pipe","PrismaticShard"],"cards":["Predator","Dagger Throw","Tactician","Blur","Infinite Blades","Finesse","Master of Strategy"],"potions":["PowerPotion","Energy Potion","Block Potion"]},{"floor":54,"relics":["Pen Nib","Lantern","Lee\u0027s Waffle"],"cards":["Poisoned Stab","Backstab","Dodge and Roll","Trip"],"potions":["FearPotion","AttackPotion","EssenceOfSteel"]}],"circlet_count":0,"master_deck":["AscendersBane","Defend_G","Defend_G","Defend_G","Defend_G","Survivor","Neutralize","Slice","Dagger Spray","Noxious Fumes+1","Predator","Backflip","Underhanded Strike","Bouncing Flask+1","Malaise+1","Corpse Explosion+1","Leg Sweep","Footwork+1","Acrobatics","Cloak And Dagger+1","Burst+1","Reflex+1","Dash+1","Outmaneuver+1","Tools of the Trade","Adrenaline+1","Blur+1","Good Instincts","Underhanded Strike+1","Backflip","Dagger Throw+1","Dodge and Roll+1","Tools of the Trade","Adrenaline","Finesse","Dark Shackles","Leg Sweep+1","Apotheosis","Caltrops","Prepared","Blur"],"potion_use_per_floor":[[],[],[],[],[],["Explosive Potion"],[],["PowerPotion"],[],[],[],[],[],[],[],["Swift Potion"],[],[],[],[],[],[],[],[],[],[],["Explosive Potion","EntropicBrew"],[],["Fire Potion"],[],[],[],[],[],[],[],[],[],[],[],["Swift Potion"],[],[],[],[],[],[],[],[],[],[],[],[],[],[],["DuplicationPotion"],[]],"relics":["Ring of the Snake","PreservedInsect","Bronze Scales","Blood Vial","Blue Candle","Ginger","Coffee Dripper","Paper Crane","Prayer Wheel","Kunai","Vajra","Empty Cage","Membership Card","StrikeDummy","Dead Branch","Anchor","Ninja Scroll","Ornamental Fan","Mercury Hourglass","Thread and Needle"],"potions_floor_usage":[6,8,16,27,27,29,41,56],"damage_taken":[{"damage":9,"enemies":"Jaw Worm","floor":1,"turns":7},{"damage":0,"enemies":"2 Louse","floor":2,"turns":3},{"damage":5,"enemies":"Small Slimes","floor":5,"turns":3},{"damage":0,"enemies":"3 Sentries","floor":6,"turns":3},{"damage":7,"enemies":"3 Sentries","floor":8,"turns":5},{"damage":0,"enemies":"Blue Slaver","floor":10,"turns":4},{"damage":9,"enemies":"Large Slime","floor":11,"turns":4},{"damage":0,"enemies":"Gremlin Nob","floor":14,"turns":3},{"damage":15,"enemies":"Slime Boss","floor":16,"turns":8},{"damage":0,"enemies":"3 Byrds","floor":18,"turns":3},{"damage":3,"enemies":"2 Thieves","floor":21,"turns":4},{"damage":7,"enemies":"3 Cultists","floor":22,"turns":3},{"damage":0,"enemies":"Gremlin Leader","floor":27,"turns":4},{"damage":9,"enemies":"Book of Stabbing","floor":29,"turns":4},{"damage":0,"enemies":"Cultist and Chosen","floor":30,"turns":3},{"damage":4,"enemies":"Sentry and Sphere","floor":31,"turns":4},{"damage":8,"enemies":"Collector","floor":33,"turns":8},{"damage":0,"enemies":"Orb Walker","floor":35,"turns":4},{"damage":0,"enemies":"3 Shapes","floor":37,"turns":5},{"damage":5,"enemies":"Nemesis","floor":40,"turns":8},{"damage":20,"enemies":"2 Orb Walkers","floor":41,"turns":3},{"damage":3,"enemies":"Reptomancer","floor":42,"turns":7},{"damage":0,"enemies":"Giant Head","floor":44,"turns":7},{"damage":0,"enemies":"Reptomancer","floor":46,"turns":5},{"damage":0,"enemies":"Jaw Worm Horde","floor":48,"turns":1},{"damage":0,"enemies":"Awakened One","floor":50,"turns":16},{"damage":0,"enemies":"Donu and Deca","floor":51,"turns":6},{"damage":12,"enemies":"Shield and Spear","floor":55,"turns":5},{"damage":21,"enemies":"The Heart","floor":56,"turns":12}],"seed_played":"-909022958079439666","neow_bonus_log":{"cardsObtained":[],"cardsUpgraded":[],"cardsRemoved":[],"cardsTransformed":[],"relicsObtained":["PreservedInsect"],"maxHpGained":0,"goldGained":0,"damageTaken":0,"goldLost":0,"maxHpLost":0},"potions_obtained":[{"floor":2,"key":"PowerPotion"},{"floor":6,"key":"Swift Potion"},{"floor":14,"key":"EntropicBrew"},{"floor":16,"key":"Explosive Potion"},{"floor":27,"key":"GhostInAJar"},{"floor":31,"key":"SteroidPotion"},{"floor":35,"key":"Swift Potion"},{"floor":41,"key":"Energy Potion"},{"floor":42,"key":"CunningPotion"},{"floor":48,"key":"DuplicationPotion"}],"is_trial":false,"path_per_floor":["M","M","?","$","M","E","?","?","T","M","M","R","T","E","R","B",null,"M","?","$","M","M","R","?","R","T","E","R","E","M","M","R","B",null,"M","$","M","?","$","E","?","E","T","E","?","E","R","M","R","B","B",null,"R","$","E","B",null],"character_chosen":"THE_SILENT","items_purchased":["Noxious Fumes","Explosive Potion","Leg Sweep","Membership Card","Good Instincts","Apotheosis","Caltrops","Prepared"],"campfire_rested":0,"item_purchase_floors":[4,4,20,36,36,54,54,54],"current_hp_per_floor":[50,50,39,39,34,34,27,22,22,24,17,17,17,19,19,6,51,53,53,53,52,47,47,47,47,47,49,49,42,44,42,42,36,59,61,61,63,63,63,60,42,41,41,43,33,35,35,37,37,39,41,60,60,60,50,31],"gold":60,"neow_bonus":"RANDOM_COMMON_RELIC","is_prod":false,"is_daily":false,"rewards_skipped":[{"floor":22,"relics":[],"potions":["SpeedPotion"]}],"chose_seed":false,"campfire_upgraded":8,"win_rate":0,"floor_exit_playtime":[370,473,512,672,739,869,890,1177,1212,1369,1453,1468,1475,1582,1613,1983,2356,2427,2437,2547,2630,2712,2736,2758,2770,2776,2937,2951,3062,3180,3284,3296,3531,3631,3723,3781,3869,3879,3901,4071,4234,4448,4484,4668,4701,4853,4879,5001,5032,5389,5616,5637,5658,5719,5937,6351],"timestamp":1653070117,"blue_key_relic_skipped_log":{"floor":9,"relicID":"Bottled Lightning"},"path_taken":["M","M","?","$","M","E","?","?","T","M","M","R","?","E","R","BOSS","M","?","$","M","M","R","?","R","T","E","R","E","M","M","R","BOSS","M","$","M","?","$","E","?","E","T","E","?","E","R","M","R","BOSS","BOSS","R","$","E","BOSS"],"build_version":"2022-03-07","purchased_purges":3,"victory":true,"max_hp_per_floor":[66,66,66,66,66,66,66,66,66,66,66,66,66,66,66,66,66,66,66,66,66,66,66,66,66,66,66,66,66,66,66,66,66,66,66,66,66,66,66,66,66,66,66,66,66,66,66,66,66,66,66,66,66,66,66,66],"relic_stats":{"counters":[29,152],"Blue Candle":[0],"Dead Branch":[98],"PreservedInsect":555,"Ginger":[17],"Mercury Hourglass":[124],"Blood Vial":50,"Ornamental Fan":[136],"Bronze Scales":[517],"Prayer Wheel":5,"Kunai":[57],"Membership Card":266,"obtain_stats":[{"Blue Candle":13,"Dead Branch":41,"Vajra":29,"Thread and Needle":55,"PreservedInsect":0,"Ginger":14,"Paper Crane":19,"Empty Cage":34,"Mercury Hourglass":46,"Blood Vial":8,"Anchor":42,"Ninja Scroll":43,"Ornamental Fan":44,"Bronze Scales":6,"Prayer Wheel":26,"Coffee Dripper":17,"Kunai":27,"Membership Card":36,"StrikeDummy":40,"Ring of the Snake":0},{"Blue Candle":7,"Dead Branch":21,"Vajra":14,"Thread and Needle":28,"PreservedInsect":0,"Ginger":8,"Paper Crane":10,"Empty Cage":17,"Mercury Hourglass":24,"Blood Vial":4,"Anchor":22,"Ninja Scroll":22,"Ornamental Fan":23,"Bronze Scales":4,"Prayer Wheel":12,"Coffee Dripper":9,"Kunai":13,"Membership Card":18,"StrikeDummy":20,"Ring of the Snake":0},{"Blue Candle":29,"Dead Branch":93,"Vajra":58,"Thread and Needle":140,"PreservedInsect":0,"Ginger":32,"Paper Crane":43,"Empty Cage":73,"Mercury Hourglass":112,"Blood Vial":16,"Anchor":100,"Ninja Scroll":100,"Ornamental Fan":107,"Bronze Scales":16,"Prayer Wheel":50,"Coffee Dripper":40,"Kunai":54,"Membership Card":77,"StrikeDummy":90,"Ring of the Snake":0}],"Ring of the Snake":[58]},"card_choices":[{"not_picked":["Cloak And Dagger","Finisher"],"picked":"Slice","floor":1},{"not_picked":["Poisoned Stab","Underhanded Strike"],"picked":"Dagger Spray","floor":2},{"not_picked":["Expertise","Dagger Throw"],"picked":"Predator","floor":5},{"not_picked":["Sucker Punch","Deflect"],"picked":"Backflip","floor":6},{"not_picked":["Bane","Masterful Stab"],"picked":"Dagger Throw","floor":8},{"not_picked":["Skewer","Storm of Steel"],"picked":"Underhanded Strike","floor":10},{"not_picked":["Heel Hook","PiercingWail"],"picked":"Bouncing Flask","floor":11},{"not_picked":["Blur","Dagger Throw"],"picked":"Malaise","floor":14},{"not_picked":["After Image","Grand Finale"],"picked":"Corpse Explosion","floor":16},{"not_picked":["Poisoned Stab","Sucker Punch","Slice"],"picked":"SKIP","floor":18},{"not_picked":["Deadly Poison","Flying Knee"],"picked":"Footwork","floor":21},{"not_picked":["Choke","Endless Agony"],"picked":"Acrobatics","floor":22},{"not_picked":["Dagger Spray+1","Slice"],"picked":"Cloak And Dagger","floor":27},{"not_picked":["Concentrate","Acrobatics"],"picked":"Burst","floor":29},{"not_picked":["Backflip","Cloak And Dagger"],"picked":"Reflex+1","floor":30},{"not_picked":["Flying Knee","Sucker Punch"],"picked":"Dash+1","floor":30},{"not_picked":["Deadly Poison","Poisoned Stab"],"picked":"Outmaneuver+1","floor":31},{"not_picked":["Dagger Throw","Setup"],"picked":"Tools of the Trade","floor":31},{"not_picked":["A Thousand Cuts","Unload"],"picked":"Adrenaline","floor":33},{"not_picked":["Choke","PiercingWail"],"picked":"Blur+1","floor":35},{"not_picked":["Poisoned Stab","Slice","Noxious Fumes"],"picked":"SKIP","floor":35},{"not_picked":["Dash","Tools of the Trade"],"picked":"Underhanded Strike+1","floor":37},{"not_picked":["Leg Sweep","Blade Dance"],"picked":"Backflip","floor":37},{"not_picked":["Blade Dance","PiercingWail"],"picked":"Dagger Throw+1","floor":40},{"not_picked":["Acrobatics","Dagger Throw+1"],"picked":"Dodge and Roll+1","floor":41},{"not_picked":["Terror","Flechettes"],"picked":"Tools of the Trade","floor":42},{"not_picked":["Prepared","Bane"],"picked":"Adrenaline","floor":44},{"not_picked":["Deep Breath","Secret Technique"],"picked":"Finesse","floor":45},{"not_picked":["Swift Strike","Purity"],"picked":"Dark Shackles","floor":45},{"not_picked":["Jack Of All Trades","Madness","Impatience"],"picked":"SKIP","floor":45},{"not_picked":["Cloak And Dagger","Poisoned Stab","Dagger Spray"],"picked":"SKIP","floor":46},{"not_picked":["PiercingWail+1","Sucker Punch"],"picked":"Leg Sweep+1","floor":48},{"not_picked":["Quick Slash","Envenom","Cloak And Dagger"],"picked":"SKIP","floor":48},{"not_picked":["Dodge and Roll+1","Outmaneuver"],"picked":"Blur","floor":55}],"player_experience":6987712,"relics_obtained":[{"floor":6,"key":"Bronze Scales"},{"floor":13,"key":"Blue Candle"},{"floor":14,"key":"Ginger"},{"floor":26,"key":"Prayer Wheel"},{"floor":27,"key":"Kunai"},{"floor":29,"key":"Vajra"},{"floor":40,"key":"StrikeDummy"},{"floor":41,"key":"Dead Branch"},{"floor":42,"key":"Anchor"},{"floor":43,"key":"Ninja Scroll"},{"floor":44,"key":"Ornamental Fan"},{"floor":46,"key":"Mercury Hourglass"},{"floor":55,"key":"Thread and Needle"}],"event_choices":[{"damage_healed":0,"gold_gain":75,"player_choice":"Gather Gold","damage_taken":11,"max_hp_gain":0,"max_hp_loss":0,"event_name":"World of Goop","floor":3,"gold_loss":0},{"cards_removed":["Strike_G"],"damage_healed":0,"gold_gain":0,"player_choice":"Card Removal","damage_taken":7,"max_hp_gain":0,"max_hp_loss":0,"event_name":"Golden Wing","floor":7,"gold_loss":0},{"damage_healed":0,"gold_gain":0,"player_choice":"Searched \u00272\u0027 times","damage_taken":0,"relics_obtained":["Blood Vial"],"max_hp_gain":0,"max_hp_loss":0,"event_name":"Dead Adventurer","floor":8,"gold_loss":0},{"damage_healed":0,"gold_gain":0,"player_choice":"Obtained Relic","damage_taken":0,"relics_obtained":["Paper Crane"],"max_hp_gain":0,"max_hp_loss":0,"event_name":"Addict","floor":19,"gold_loss":85},{"damage_healed":0,"gold_gain":50,"player_choice":"Stole From Cult","damage_taken":0,"max_hp_gain":0,"max_hp_loss":0,"event_name":"Nest","floor":24,"gold_loss":0},{"cards_removed":["Dagger Throw"],"damage_healed":0,"gold_gain":0,"player_choice":"Removed Attack","damage_taken":0,"max_hp_gain":0,"max_hp_loss":0,"event_name":"Falling","floor":38,"gold_loss":0},{"damage_healed":0,"gold_gain":0,"player_choice":"Fight","damage_taken":0,"max_hp_gain":0,"max_hp_loss":0,"event_name":"Mysterious Sphere","floor":41,"gold_loss":0},{"damage_healed":0,"gold_gain":0,"player_choice":"Memory 3","damage_taken":10,"max_hp_gain":0,"max_hp_loss":0,"event_name":"SensoryStone","floor":45,"gold_loss":0}],"is_beta":false,"boss_relics":[{"not_picked":["Busted Crown","Pandora\u0027s Box"],"picked":"Coffee Dripper"},{"not_picked":["WristBlade","Philosopher\u0027s Stone"],"picked":"Empty Cage"}],"items_purged_floors":[4,20,39],"is_endless":false,"potions_floor_spawned":[2,6,14,16,22,27,31,35,41,42,48],"ascension_level":20,"potion_discard_per_floor":[[],[],[],[],[],[],[],[],[],[],[],[],[],[],[],[],[],[],[],[],[],[],[],[],[],[],["Explosive Potion"],[],[],[],[],[],[],[],["SteroidPotion"],[],[],[],[],[],[],["Energy Potion"],[],[],[],[],[],["CunningPotion"],[],[],[],[],[],[],[],["GhostInAJar"],[]]}