{"neow_bonuses_skipped_log":["REMOVE_CARD","THREE_ENEMY_KILL","BOSS_RELIC"],"neow_costs_skipped_log":["NONE","NONE","NONE"],"gold_per_floor":[118,129,144,219,144,144,159,159,159,159,84,84,125,151,163,252,264,291,322,334,346,377,414,426,457,493,140,140,166,184,184,184,261,261,271,316,206,219,239,272,272,297,297,297,325,342,372,372,372,372,372],"floor_reached":51,"playtime":2724,"items_purged":["Strike_G","Strike_G"],"score":1706,"play_id":"7089d152-6ae6-4dd3-b844-4fb64731cd56","local_time":"20220603154513","is_ascension_mode":true,"campfire_choices":[{"data":"Flechettes","floor":6,"key":"SMITH"},{"data":"Deadly Poison","floor":8,"key":"SMITH"},{"data":"Neutralize","floor":10,"key":"SMITH"},{"data":"Corpse Explosion","floor":15,"key":"SMITH"},{"data":"Catalyst","floor":24,"key":"SMITH"},{"data":"Burst","floor":28,"key":"SMITH"},{"data":"Sadistic Nature","floor":32,"key":"SMITH"},{"data":"Doppelganger","floor":41,"key":"SMITH"},{"floor":44,"key":"RECALL"},{"data":"Catalyst","floor":49,"key":"SMITH"}],"neow_cost":"TEN_PERCENT_HP_LOSS","seed_source_timestamp":1752643204636700,"shop_contents":[{"floor":11,"relics":["Du-Vu Doll","CeramicFish","Strange Spoon"],"cards":["Backstab","Finisher","Blur","Outmaneuver","Well Laid Plans","PanicButton","Metamorphosis"],"potions":["SkillPotion","FearPotion","Weak Potion"]},{"floor":27,"relics":["Thread and Needle","Akabeko","Medical Kit"],"cards":["Die Die Die","Underhanded Strike","Prepared","Tactician","Caltrops","Flash of Steel"],"potions":["Weak Potion","Weak Potion"]}],"circlet_count":0,"master_deck":["AscendersBane","Defend_G","Defend_G","Defend_G","Defend_G+1","Survivor","Neutralize+1","Deadly Poison+1","Flechettes+1","Backflip","Deadly Poison","Corpse Explosion+1","Burst+1","Dagger Spray+1","Catalyst+1","Doppelganger","Sadistic Nature+1","Backflip","Doppelganger+1","Leg Sweep","PiercingWail","Adrenaline","Crippling Poison","Catalyst+1","Impatience"],"potion_use_per_floor":[[],[],[],[],[],[],[],[],[],[],[],[],["SteroidPotion"],[],[],[],[],["LiquidMemories"],["CunningPotion"],[],[],[],["ColorlessPotion"],[],["PowerPotion"],[],[],[],["DistilledChaos"],[],[],[],[],[],[],["DuplicationPotion"],[],[],[],[],[],[],[],[],["CunningPotion"],[],[],[],[],[],["ColorlessPotion"]],"relics":["Ring of the Snake","Eternal Feather","MawBank","Blood Vial","Coffee Dripper","GremlinMask","Darkstone Periapt","Bag of Preparation","Girya","SlaversCollar","Peace Pipe","Juzu Bracelet","Whetstone","Mummified Hand"],"potions_floor_usage":[13,18,19,23,25,29,36,45,51],"damage_taken":[{"damage":6,"enemies":"Small Slimes","floor":1,"turns":6},{"damage":2,"enemies":"2 Louse","floor":2,"turns":3},{"damage":0,"enemies":"Jaw Worm","floor":3,"turns":4},{"damage":0,"enemies":"2 Fungi Beasts","floor":7,"turns":3},{"damage":12,"enemies":"3 Sentries","floor":13,"turns":7},{"damage":3,"enemies":"3 Louse","floor":14,"turns":3},{"damage":3,"enemies":"Hexaghost","floor":16,"turns":9},{"damage":5,"enemies":"2 Thieves","floor":18,"turns":3},{"damage":0,"enemies":"Chosen","floor":19,"turns":3},{"damage":10,"enemies":"Snecko","floor":22,"turns":4},{"damage":18,"enemies":"Book of Stabbing","floor":23,"turns":4},{"damage":3,"enemies":"Cultist and Chosen","floor":25,"turns":4},{"damage":0,"enemies":"Slavers","floor":29,"turns":1},{"damage":5,"enemies":"Centurion and Healer","floor":30,"turns":3},{"damage":11,"enemies":"Champ","floor":33,"turns":4},{"damage":0,"enemies":"3 Darklings","floor":35,"turns":2},{"damage":0,"enemies":"2 Orb Walkers","floor":36,"turns":1},{"damage":1,"enemies":"3 Shapes","floor":38,"turns":5},{"damage":0,"enemies":"Transient","floor":39,"turns":6},{"damage":10,"enemies":"Reptomancer","floor":40,"turns":4},{"damage":8,"enemies":"Nemesis","floor":42,"turns":3},{"damage":0,"enemies":"Reptomancer","floor":45,"turns":4},{"damage":0,"enemies":"Jaw Worm Horde","floor":46,"turns":3},{"damage":0,"enemies":"Giant Head","floor":47,"turns":4},{"damage":34,"enemies":"Time Eater","floor":50,"turns":4},{"damage":35,"enemies":"Awakened One","floor":51,"turns":8}],"seed_played":"1622031719479842401","neow_bonus_log":{"cardsObtained":[],"cardsUpgraded":[],"cardsRemoved":["Strike_G","Defend_G"],"cardsTransformed":[],"relicsObtained":[],"maxHpGained":0,"goldGained":0,"damageTaken":0,"goldLost":0,"maxHpLost":6},"potions_obtained":[{"floor":1,"key":"SteroidPotion"},{"floor":2,"key":"LiquidMemories"},{"floor":13,"key":"CunningPotion"},{"floor":18,"key":"PowerPotion"},{"floor":22,"key":"ColorlessPotion"},{"floor":29,"key":"Explosive Potion"},{"floor":30,"key":"Explosive Potion"},{"floor":33,"key":"DuplicationPotion"},{"floor":36,"key":"ColorlessPotion"},{"floor":42,"key":"CunningPotion"},{"floor":46,"key":"Explosive Potion"}],"is_trial":false,"path_per_floor":["M","M","M","?","?","R","M","R","T","R","$","?","E","M","R","B",null,"M","M","?","?","M","E","R","M","T","$","R","E","M","?","R","B",null,"M","?","?","M","M","E","R","E","T","R","E","M","E","?","R","B","B"],"character_chosen":"THE_SILENT","items_purchased":["Sadistic Nature","DistilledChaos"],"campfire_rested":0,"item_purchase_floors":[27,27],"current_hp_per_floor":[53,51,51,40,40,40,40,40,40,46,46,28,16,15,21,20,50,47,49,49,49,41,25,34,33,33,33,42,44,41,41,50,41,55,57,59,59,59,60,50,60,52,52,60,60,60,60,50,60,26,0],"gold":372,"neow_bonus":"REMOVE_TWO","is_prod":false,"is_daily":false,"rewards_skipped":[{"floor":40,"relics":[],"potions":["Weak Potion"]},{"floor":47,"relics":["Ninja Scroll"],"potions":["FearPotion"]}],"chose_seed":false,"campfire_upgraded":9,"win_rate":0,"floor_exit_playtime":[183,245,304,308,316,323,360,367,374,388,414,420,540,578,592,713,779,862,920,951,959,1020,1099,1112,1189,1195,1299,1306,1347,1402,1410,1417,1496,1570,1622,1689,1711,1794,1880,1964,1975,2042,2048,2052,2190,2273,2352,2379,2391,2473],"timestamp":1654285513,"blue_key_relic_skipped_log":{"floor":43,"relicID":"Lizard Tail"},"path_taken":["M","M","M","?","?","R","?","R","T","R","$","?","E","M","R","BOSS","M","M","?","?","?","E","R","M","T","$","R","E","M","?","R","BOSS","M","?","?","M","?","E","R","E","T","R","E","M","E","?","R","BOSS","BOSS"],"build_version":"2022-03-07","purchased_purges":2,"victory":false,"max_hp_per_floor":[60,60,60,60,60,60,60,60,60,60,60,60,60,60,60,60,60,60,60,60,60,60,60,60,60,60,60,60,60,60,60,60,60,60,60,60,60,60,60,60,60,60,60,60,60,60,60,60,60,60,60],"relic_stats":{"Darkstone Periapt":0,"Girya":0,"counters":[26,105],"Eternal Feather":67,"Bag of Preparation":[28],"Juzu Bracelet":0,"Whetstone":[],"MawBank":180,"Blood Vial":28,"Peace Pipe":0,"Mummified Hand":[5],"obtain_stats":[{"Darkstone Periapt":23,"Girya":29,"Eternal Feather":9,"GremlinMask":21,"Bag of Preparation":26,"Juzu Bracelet":40,"Whetstone":42,"MawBank":12,"Blood Vial":13,"Peace Pipe":36,"SlaversCollar":34,"Mummified Hand":45,"Coffee Dripper":17,"Ring of the Snake":0},{"Darkstone Periapt":11,"Girya":13,"Eternal Feather":4,"GremlinMask":9,"Bag of Preparation":12,"Juzu Bracelet":20,"Whetstone":21,"MawBank":4,"Blood Vial":5,"Peace Pipe":17,"SlaversCollar":15,"Mummified Hand":22,"Coffee Dripper":7,"Ring of the Snake":0},{"Darkstone Periapt":49,"Girya":54,"Eternal Feather":16,"GremlinMask":41,"Bag of Preparation":53,"Juzu Bracelet":79,"Whetstone":82,"MawBank":16,"Blood Vial":23,"Peace Pipe":64,"SlaversCollar":61,"Mummified Hand":86,"Coffee Dripper":35,"Ring of the Snake":0}],"Ring of the Snake":[52]},"card_choices":[{"not_picked":["Leg Sweep","Cloak And Dagger"],"picked":"Deadly Poison","floor":1},{"not_picked":["Reflex","PiercingWail"],"picked":"Flechettes","floor":2},{"not_picked":["Infinite Blades","Cloak And Dagger"],"picked":"Backflip","floor":3},{"not_picked":["Sucker Punch","Bane","Deflect"],"picked":"SKIP","floor":7},{"not_picked":["Cloak And Dagger","Riddle With Holes"],"picked":"Deadly Poison","floor":13},{"not_picked":["Tactician","Slice"],"picked":"Corpse Explosion","floor":14},{"not_picked":["Night Terror","A Thousand Cuts"],"picked":"Burst","floor":16},{"not_picked":["Slice","Dodge and Roll"],"picked":"Dagger Spray+1","floor":18},{"not_picked":["Crippling Poison","Cloak And Dagger"],"picked":"Catalyst","floor":19},{"not_picked":["Blur","Dagger Spray","Outmaneuver"],"picked":"SKIP","floor":22},{"not_picked":["Sucker Punch","Backstab","Dagger Throw"],"picked":"SKIP","floor":23},{"not_picked":["Deadly Poison+1","Dagger Spray"],"picked":"Doppelganger","floor":25},{"not_picked":["Dagger Throw","Dagger Spray","Distraction"],"picked":"SKIP","floor":29},{"not_picked":["Sucker Punch","Poisoned Stab"],"picked":"Backflip","floor":30},{"not_picked":["Unload","Corpse Explosion"],"picked":"Doppelganger","floor":33},{"not_picked":["Blade Dance","Outmaneuver"],"picked":"Leg Sweep","floor":36},{"not_picked":["Bane","Blade Dance","Underhanded Strike+1"],"picked":"SKIP","floor":38},{"not_picked":["Backstab","Noxious Fumes"],"picked":"PiercingWail","floor":39},{"not_picked":["Backstab+1","Sucker Punch+1"],"picked":"Adrenaline","floor":40},{"not_picked":["Escape Plan","Blur"],"picked":"Crippling Poison","floor":42},{"not_picked":["Cloak And Dagger","Prepared","Choke+1"],"picked":"SKIP","floor":45},{"not_picked":["Sucker Punch","Backstab"],"picked":"Catalyst","floor":46},{"not_picked":["Dagger Throw","Endless Agony","Flying Knee"],"picked":"SKIP","floor":47},{"not_picked":["Swift Strike","Enlightenment"],"picked":"Impatience","floor":48},{"not_picked":["Blind","Secret Weapon","Chrysalis"],"picked":"SKIP","floor":48},{"not_picked":["Finesse","Purity","Deep Breath"],"picked":"SKIP","floor":48}],"player_experience":7075108,"relics_obtained":[{"floor":9,"key":"Eternal Feather"},{"floor":13,"key":"Blood Vial"},{"floor":23,"key":"Darkstone Periapt"},{"floor":26,"key":"Bag of Preparation"},{"floor":29,"key":"Girya"},{"floor":36,"key":"Peace Pipe"},{"floor":40,"key":"Juzu Bracelet"},{"floor":42,"key":"Whetstone"},{"floor":45,"key":"Mummified Hand"}],"event_choices":[{"damage_healed":0,"gold_gain":75,"player_choice":"Gather Gold","damage_taken":11,"max_hp_gain":0,"max_hp_loss":0,"event_name":"World of Goop","floor":4,"gold_loss":0},{"cards_removed":["Strike_G"],"damage_healed":0,"gold_gain":0,"player_choice":"Card Removal","damage_taken":0,"max_hp_gain":0,"max_hp_loss":0,"event_name":"The Cleric","floor":5,"gold_loss":75},{"damage_healed":0,"gold_gain":0,"player_choice":"Success","damage_taken":18,"relics_obtained":["MawBank"],"max_hp_gain":0,"max_hp_loss":0,"event_name":"Scrap Ooze","floor":12,"gold_loss":0},{"damage_healed":0,"gold_gain":0,"player_choice":"Ignored","damage_taken":0,"max_hp_gain":0,"max_hp_loss":0,"event_name":"Vampires","floor":20,"gold_loss":0},{"damage_healed":0,"gold_gain":0,"player_choice":"Trade","damage_taken":0,"relics_obtained":["GremlinMask"],"max_hp_gain":0,"max_hp_loss":0,"event_name":"FaceTrader","floor":21,"gold_loss":0},{"damage_healed":0,"gold_gain":0,"player_choice":"Ignored","damage_taken":0,"max_hp_gain":0,"max_hp_loss":0,"event_name":"The Mausoleum","floor":31,"gold_loss":0},{"damage_healed":0,"gold_gain":0,"player_choice":"Fight","damage_taken":0,"max_hp_gain":0,"max_hp_loss":0,"event_name":"Mysterious Sphere","floor":36,"gold_loss":0},{"cards_removed":["Strike_G"],"damage_healed":0,"gold_gain":0,"player_choice":"Upgrade and Remove","damage_taken":0,"max_hp_gain":0,"max_hp_loss":0,"event_name":"Designer","floor":37,"gold_loss":110,"cards_upgraded":["Defend_G"]},{"damage_healed":0,"gold_gain":0,"player_choice":"Memory 3","damage_taken":10,"max_hp_gain":0,"max_hp_loss":0,"event_name":"SensoryStone","floor":48,"gold_loss":0}],"is_beta":false,"boss_relics":[{"not_picked":["SacredBark","Ectoplasm"],"picked":"Coffee Dripper"},{"not_picked":["Busted Crown","Tiny House"],"picked":"SlaversCollar"}],"items_purged_floors":[11,27],"is_endless":false,"potions_floor_spawned":[1,2,13,18,22,29,30,33,36,40,42,46,47],"killed_by":"Awakened One","ascension_level":20,"potion_discard_per_floor":[[],[],[],[],[],[],[],[],[],[],[],[],[],[],[],[],[],[],[],[],[],[],[],[],[],[],[],[],[],[],[],[],["Explosive Potion"],[],[],[],[],[],[],[],[],["Explosive Potion"],[],[],[],[],[],[],[],[],[]]}