{"gold_per_floor":[111,111,111,190,100,135,30,30,55,82,93,113,113,145,145,224,224,235,253,273,10,21,50,50,0,0,27,41,41,52,85,85,164,164,184,201,211,211,211,211,243,293,293,309,340,340,369,369,369,369,369,369,369,94,121,121],"floor_reached":57,"playtime":6199,"items_purged":["Strike_G","Strike_G","Defend_G"],"score":3407,"play_id":"dc595644-f916-4db0-b2ea-d516ce24c5ac","local_time":"20220602200649","is_ascension_mode":true,"campfire_choices":[{"data":"Quick Slash","floor":8.0,"key":"SMITH"},{"data":"Blade Dance","floor":13.0,"key":"SMITH"},{"data":"Cloak And Dagger","floor":15.0,"key":"SMITH"},{"data":"Wraith Form v2","floor":24.0,"key":"SMITH"},{"data":"Wraith Form v2","floor":32.0,"key":"SMITH"},{"data":"Accuracy","floor":40,"key":"SMITH"},{"floor":49,"key":"RECALL"},{"data":"Cloak And Dagger","floor":53,"key":"SMITH"}],"neow_cost":"NONE","seed_source_timestamp":0,"shop_contents":[{"floor":3,"relics":["Omamori","CaptainsWheel","Membership Card"],"cards":["Poisoned Stab","Dagger Throw","Deflect","Outmaneuver","Noxious Fumes","Enlightenment","Violence"],"potions":["SkillPotion","Fire Potion","Block Potion"]},{"floor":5,"relics":["Vajra","Bag of Preparation","PrismaticShard"],"cards":["Bane","Dagger Throw","Outmaneuver","Accuracy","Jack Of All Trades","Thinking Ahead"],"potions":["GamblersBrew","Strength Potion","SkillPotion"]},{"floor":7,"relics":["Question Card","Pen Nib","OrangePellets"],"cards":["Riddle With Holes","Dodge and Roll","PiercingWail","Noxious Fumes","Bandage Up","The Bomb"],"potions":["DistilledChaos","Explosive Potion","CultistPotion"]},{"floor":21,"relics":["Singing Bowl","Bag of Marbles"],"cards":["Predator","Finisher","Deadly Poison","Prepared","Envenom","Dark Shackles","Secret Technique"],"potions":["Strength Potion","Block Potion","ColorlessPotion"]},{"floor":54,"relics":["Oddly Smooth Stone","Snake Skull"],"cards":["Glass Knife","Unload","Crippling Poison","Well Laid Plans","Blind","Transmutation"],"potions":["Fruit Juice","SkillPotion","EssenceOfSteel"]}],"circlet_count":0,"master_deck":["AscendersBane","Strike_G","Strike_G","Strike_G","Defend_G","Defend_G","Defend_G","Defend_G","Survivor","Neutralize","Slice","Venomology","Tools of the Trade","Quick Slash+1","Terror","Blade Dance+1","Accuracy+1","Cloak And Dagger+1","Wraith Form v2+1","Acrobatics","Backflip+1","Wraith Form v2+1","Underhanded Strike","Bullet Time","Underhanded Strike","Tactician+1","Well Laid Plans","CurseOfTheBell","Reflex","Phantasmal Killer","Cloak And Dagger+1","Acrobatics","Caltrops+1","PiercingWail","Blade Dance","Blade Dance"],"special_seed":0,"potion_use_per_floor":[[],[],[],[],[],[],[],[],[],[],[],[],[],["AttackPotion","SpeedPotion"],[],["Explosive Potion"],[],[],["SpeedPotion"],["SkillPotion"],[],[],["Weak Potion"],[],[],[],["Swift Potion"],["Swift Potion"],[],["Energy Potion"],["Regen Potion"],[],["Regen Potion","Regen Potion","FearPotion"],[],[],["SkillPotion"],["Weak Potion"],[],[],[],["SkillPotion"],["CunningPotion"],[],[],["Swift Potion"],[],[],[],[],[],["GhostInAJar"],[],[],[],[],["DistilledChaos","DuplicationPotion"],[]],"relics":["Ring of the Snake","NeowsBlessing","TungstenRod","Gremlin Horn","Tiny Chest","Blood Vial","Tingsha","Potion Belt","Philosopher\u0027s Stone","DollysMirror","Juzu Bracelet","Mummified Hand","Incense Burner","Lantern","Eternal Feather","Calling Bell","Anchor","Shuriken","Gambling Chip","Ancient Tea Set","Pear","Lizard Tail","Happy Flower","Smiling Mask","TheAbacus","Strawberry"],"potions_floor_usage":[36,37,41,42,45,51,56,56],"damage_taken":[{"damage":0.0,"enemies":"Small Slimes","floor":1.0,"turns":1.0},{"damage":0.0,"enemies":"Lagavulin","floor":6.0,"turns":1.0},{"damage":0.0,"enemies":"Gremlin Nob","floor":10.0,"turns":1.0},{"damage":0.0,"enemies":"Cultist","floor":11.0,"turns":3.0},{"damage":0.0,"enemies":"2 Louse","floor":12.0,"turns":2.0},{"damage":0.0,"enemies":"Lagavulin","floor":14.0,"turns":6.0},{"damage":15.0,"enemies":"Slime Boss","floor":16.0,"turns":6.0},{"damage":3.0,"enemies":"Chosen","floor":18.0,"turns":5.0},{"damage":0.0,"enemies":"Shell Parasite","floor":19.0,"turns":4.0},{"damage":7.0,"enemies":"3 Cultists","floor":20.0,"turns":4.0},{"damage":0.0,"enemies":"Centurion and Healer","floor":22.0,"turns":7.0},{"damage":7.0,"enemies":"Gremlin Leader","floor":23.0,"turns":4.0},{"damage":0.0,"enemies":"Book of Stabbing","floor":27.0,"turns":4.0},{"damage":0.0,"enemies":"Cultist and Chosen","floor":28.0,"turns":7.0},{"damage":3.0,"enemies":"Sentry and Sphere","floor":30.0,"turns":6.0},{"damage":0.0,"enemies":"Slavers","floor":31.0,"turns":8.0},{"damage":24.0,"enemies":"Champ","floor":33.0,"turns":15.0},{"damage":0,"enemies":"Orb Walker","floor":35,"turns":7},{"damage":0,"enemies":"3 Shapes","floor":36,"turns":6},{"damage":0,"enemies":"Writhing Mass","floor":37,"turns":6},{"damage":0,"enemies":"Giant Head","floor":41,"turns":5},{"damage":0,"enemies":"2 Orb Walkers","floor":42,"turns":6},{"damage":0,"enemies":"3 Darklings","floor":44,"turns":6},{"damage":0,"enemies":"Reptomancer","floor":45,"turns":5},{"damage":0,"enemies":"Giant Head","floor":47,"turns":7},{"damage":0,"enemies":"Time Eater","floor":50,"turns":7},{"damage":6,"enemies":"Awakened One","floor":51,"turns":11},{"damage":0,"enemies":"Shield and Spear","floor":55,"turns":6},{"damage":7,"enemies":"The Heart","floor":56,"turns":7}],"seed_played":"2685608864279918737","neow_bonus_log":{"cardsObtained":[],"cardsUpgraded":[],"cardsRemoved":[],"cardsTransformed":[],"relicsObtained":["NeowsBlessing"],"maxHpGained":0,"goldGained":0,"damageTaken":0,"goldLost":0,"maxHpLost":0},"potions_obtained":[{"floor":1.0,"key":"Explosive Potion"},{"floor":6.0,"key":"AttackPotion"},{"floor":23.0,"key":"GhostInAJar"},{"floor":27.0,"key":"Swift Potion"},{"floor":30.0,"key":"Regen Potion"},{"floor":33,"key":"SkillPotion"},{"floor":35,"key":"Weak Potion"},{"floor":41,"key":"CunningPotion"},{"floor":46,"key":"GhostInAJar"}],"is_trial":false,"path_per_floor":["M","T","$","T","$","E","$","R","T","E","M","M","R","E","R","B",null,"M","M","M","$","M","E","R","?","T","E","M","?","M","E","R","B",null,"M","M","M","?","T","R","E","?","T","M","E","?","E","?","R","B","B",null,"R","$","E","B",null],"character_chosen":"THE_SILENT","items_purchased":["Venomology","Quick Slash","DollysMirror","Blade Dance","TheAbacus"],"campfire_rested":0,"item_purchase_floors":[5,7,21,54,54],"current_hp_per_floor":[59,59,59,59,59,59,59,59,59,61,63,65,65,66,66,51,62,61,63,58,58,60,55,55,55,55,57,59,59,58,66,66,63,65,66,66,66,63,63,63,73,73,73,73,73,73,73,73,73,73,67,72,73,73,80,73],"gold":121,"neow_bonus":"THREE_ENEMY_KILL","is_prod":false,"is_daily":false,"rewards_skipped":[{"floor":10,"relics":[],"potions":["Dexterity Potion"]},{"floor":28,"relics":[],"potions":["LiquidBronze"]},{"floor":46,"relics":[],"potions":["FearPotion"]},{"floor":47,"relics":[],"potions":["Block Potion"]}],"chose_seed":false,"campfire_upgraded":7,"win_rate":0,"floor_exit_playtime":[161,165,194,200,317,351,553,574,579,594,690,759,770,890,936,1161,1294,1391,1490,1627,1689,1904,2071,2081,2125,2143,2322,2464,2540,2727,2939,2946,3344,3486,3612,3742,3961,3966,3997,4008,4196,4319,4325,4530,4727,4739,4930,4948,4952,5247,5690,5703,5717,5798,5966,6199],"timestamp":1654214809,"blue_key_relic_skipped_log":{"floor":43,"relicID":"HornCleat"},"path_taken":["M","?","$","?","$","E","$","R","T","E","M","M","R","E","R","BOSS","M","M","M","$","M","E","R","?","T","E","M","?","M","E","R","BOSS","BOSS","M","M","M","?","?","R","E","?","T","M","E","?","E","?","R","BOSS","BOSS","R","$","E","BOSS"],"build_version":"2022-03-07","purchased_purges":3,"victory":true,"max_hp_per_floor":[66,66,66,66,66,66,66,66,66,66,66,66,66,66,66,66,66,66,66,66,66,66,66,66,66,66,66,66,66,66,66,66,66,66,66,66,66,63,63,63,73,73,73,73,73,73,73,73,73,73,73,73,73,73,80,80],"relic_stats":{"Gremlin Horn":[26,27],"Happy Flower":[12],"counters":[29,163],"Tingsha":[533],"Eternal Feather":1,"Juzu Bracelet":1,"Ancient Tea Set":[6],"Smiling Mask":75,"Blood Vial":26,"Lizard Tail":0,"TheAbacus":[12],"Mummified Hand":[101],"Shuriken":[55],"Gambling Chip":[51],"Tiny Chest":1,"obtain_stats":[{"Lantern":27,"Gremlin Horn":4,"Juzu Bracelet":23,"Incense Burner":26,"Ancient Tea Set":39,"Smiling Mask":47,"Blood Vial":9,"Lizard Tail":42,"TheAbacus":54,"DollysMirror":21,"Mummified Hand":25,"Gambling Chip":34,"Strawberry":55,"Tiny Chest":6,"Philosopher\u0027s Stone":17,"Ring of the Snake":0,"Potion Belt":14,"Pear":41,"NeowsBlessing":0,"Happy Flower":45,"Tingsha":10,"Eternal Feather":31,"Calling Bell":34,"Anchor":34,"Shuriken":34,"TungstenRod":2},{"Lantern":13,"Gremlin Horn":1,"Juzu Bracelet":12,"Incense Burner":12,"Ancient Tea Set":20,"Smiling Mask":25,"Blood Vial":2,"Lizard Tail":22,"TheAbacus":27,"DollysMirror":10,"Mummified Hand":12,"Gambling Chip":17,"Strawberry":28,"Tiny Chest":2,"Philosopher\u0027s Stone":7,"Ring of the Snake":0,"Potion Belt":6,"Pear":21,"NeowsBlessing":0,"Happy Flower":24,"Tingsha":3,"Eternal Feather":16,"Calling Bell":17,"Anchor":17,"Shuriken":17,"TungstenRod":1},{"Lantern":48,"Gremlin Horn":1,"Juzu Bracelet":44,"Incense Burner":44,"Ancient Tea Set":103,"Smiling Mask":132,"Blood Vial":2,"Lizard Tail":114,"TheAbacus":150,"DollysMirror":33,"Mummified Hand":44,"Gambling Chip":84,"Strawberry":156,"Tiny Chest":2,"Philosopher\u0027s Stone":20,"Ring of the Snake":0,"Potion Belt":14,"Pear":108,"NeowsBlessing":0,"Happy Flower":125,"Tingsha":3,"Eternal Feather":69,"Calling Bell":84,"Anchor":84,"Shuriken":84,"TungstenRod":1}],"TungstenRod":138,"Ring of the Snake":[58]},"card_choices":[{"not_picked":["PiercingWail","Catalyst"],"picked":"Slice","floor":1.0},{"not_picked":["Slice","Underhanded Strike"],"picked":"Tools of the Trade","floor":6.0},{"not_picked":["Dagger Throw","Accuracy"],"picked":"Terror","floor":10.0},{"not_picked":["Riddle With Holes","Flechettes"],"picked":"Blade Dance","floor":11.0},{"not_picked":["Dodge and Roll","Quick Slash"],"picked":"Accuracy","floor":12.0},{"not_picked":["Flying Knee","PiercingWail"],"picked":"Cloak And Dagger","floor":14.0},{"not_picked":["Adrenaline","Storm of Steel"],"picked":"Wraith Form v2","floor":16.0},{"not_picked":["Flying Knee","Poisoned Stab","Deadly Poison"],"picked":"SKIP","floor":18.0},{"not_picked":["Bane","Dagger Throw"],"picked":"Acrobatics","floor":19.0},{"not_picked":["Bane","Deflect"],"picked":"Backflip+1","floor":20.0},{"not_picked":["Outmaneuver","Deadly Poison"],"picked":"Underhanded Strike","floor":22.0},{"not_picked":["Escape Plan+1","Dagger Spray"],"picked":"Bullet Time","floor":23.0},{"not_picked":["Prepared","Footwork"],"picked":"Underhanded Strike","floor":27.0},{"not_picked":["Poisoned Stab","Heel Hook"],"picked":"Tactician+1","floor":28.0},{"not_picked":["Slice","Deadly Poison","Leg Sweep","Cloak And Dagger","Infinite Blades","Sucker Punch","Dagger Spray","Endless Agony","Riddle With Holes","PiercingWail","Crippling Poison","Quick Slash","Tactician","Flying Knee","Blade Dance","Underhanded Strike","Prepared","Backflip","Acrobatics"],"picked":"Well Laid Plans","floor":29.0},{"not_picked":["Prepared","Bouncing Flask","All Out Attack"],"picked":"SKIP","floor":30.0},{"not_picked":["Crippling Poison","Finisher","Underhanded Strike"],"picked":"SKIP","floor":31.0},{"not_picked":["Dagger Throw","Quick Slash"],"picked":"Reflex","floor":35},{"not_picked":["Slice","Endless Agony"],"picked":"Phantasmal Killer","floor":36},{"not_picked":["Prepared","Skewer+1"],"picked":"Cloak And Dagger","floor":37},{"not_picked":["Tactician","Infinite Blades","Sucker Punch"],"picked":"SKIP","floor":41},{"not_picked":["Dash","Sucker Punch+1"],"picked":"Acrobatics","floor":42},{"not_picked":["Dagger Throw","Leg Sweep"],"picked":"Caltrops","floor":44},{"not_picked":["Deadly Poison","Sucker Punch"],"picked":"PiercingWail","floor":45},{"not_picked":["Noxious Fumes","Deadly Poison","Masterful Stab"],"picked":"SKIP","floor":47},{"not_picked":["Adrenaline","Escape Plan"],"picked":"Blade Dance","floor":55}],"player_experience":12918480,"relics_obtained":[{"floor":2.0,"key":"TungstenRod"},{"floor":4.0,"key":"Gremlin Horn"},{"floor":6.0,"key":"Tiny Chest"},{"floor":9.0,"key":"Blood Vial"},{"floor":10.0,"key":"Tingsha"},{"floor":14.0,"key":"Potion Belt"},{"floor":23.0,"key":"Juzu Bracelet"},{"floor":26.0,"key":"Incense Burner"},{"floor":27.0,"key":"Lantern"},{"floor":31.0,"key":"Eternal Feather"},{"floor":34,"key":"Anchor"},{"floor":34,"key":"Shuriken"},{"floor":34,"key":"Gambling Chip"},{"floor":39,"key":"Ancient Tea Set"},{"floor":41,"key":"Pear"},{"floor":42,"key":"Lizard Tail"},{"floor":45,"key":"Happy Flower"},{"floor":47,"key":"Smiling Mask"},{"floor":55,"key":"Strawberry"}],"event_choices":[{"damage_healed":0.0,"max_hp_gain":0.0,"max_hp_loss":0.0,"gold_gain":0.0,"event_name":"WeMeetAgain","player_choice":"Paid Gold","floor":25.0,"gold_loss":50.0,"damage_taken":0.0,"relics_obtained":["Mummified Hand"]},{"damage_healed":0.0,"max_hp_gain":0.0,"max_hp_loss":0.0,"gold_gain":0.0,"event_name":"The Library","player_choice":"Read","floor":29.0,"gold_loss":0.0,"damage_taken":0.0,"cards_obtained":["Well Laid Plans"]},{"damage_healed":0,"gold_gain":0,"player_choice":"Max HP","damage_taken":0,"max_hp_gain":0,"max_hp_loss":3,"event_name":"Winding Halls","floor":38,"gold_loss":0},{"damage_healed":0,"gold_gain":0,"player_choice":"Fight","damage_taken":0,"max_hp_gain":0,"max_hp_loss":0,"event_name":"Mysterious Sphere","floor":42,"gold_loss":0},{"damage_healed":0,"gold_gain":0,"player_choice":"Got Potions","damage_taken":0,"max_hp_gain":0,"max_hp_loss":0,"event_name":"Lab","floor":46,"gold_loss":0},{"damage_healed":0,"gold_gain":0,"player_choice":"Upgraded","damage_taken":0,"max_hp_gain":0,"max_hp_loss":0,"event_name":"Upgrade Shrine","floor":48,"gold_loss":0,"cards_upgraded":["Caltrops"]}],"is_beta":false,"boss_relics":[{"not_picked":["Black Star","Ectoplasm"],"picked":"Philosopher\u0027s Stone"},{"not_picked":["Busted Crown","Sozu"],"picked":"Calling Bell"}],"items_purged_floors":[7,21,54],"is_endless":false,"potions_floor_spawned":[1,6,10,23,27,28,30,33,35,41,47],"ascension_level":20}