{"neow_bonuses_skipped_log":["UPGRADE_CARD","HUNDRED_GOLD","BOSS_RELIC"],"neow_costs_skipped_log":["NONE","NONE","NONE"],"gold_per_floor":[113,123,136,171,181,181,208,208,208,271,23,34,34,63,63,135,135,148,160,26,26,37,37,54,70,70,70,105,105,105,122,122,122],"floor_reached":33,"playtime":3021,"items_purged":["Skewer"],"score":712,"play_id":"c668827b-8208-4cc3-aa3d-e8217da084c4","local_time":"20220601130853","is_ascension_mode":true,"campfire_choices":[{"data":"Skewer","floor":6,"key":"SMITH"},{"data":"Magnetism","floor":8,"key":"SMITH"},{"data":"Noxious Fumes","floor":15,"key":"SMITH"},{"data":"Wraith Form v2","floor":23,"key":"SMITH"},{"data":"Outmaneuver","floor":27,"key":"SMITH"},{"data":"Burst","floor":29,"key":"SMITH"},{"data":"Wraith Form v2","floor":32,"key":"SMITH"}],"neow_cost":"TEN_PERCENT_HP_LOSS","seed_source_timestamp":1570165921681100,"shop_contents":[{"floor":11,"relics":["War Paint","Medical Kit"],"cards":["Masterful Stab","Bane","Blade Dance","Bouncing Flask","Panacea","Panache"],"potions":["Explosive Potion","Swift Potion","LiquidBronze"]},{"floor":20,"relics":["Shuriken","Regal Pillow","TwistedFunnel"],"cards":["Die Die Die","Slice","Night Terror","Caltrops","Panacea","Magnetism"],"potions":["Strength Potion","FearPotion","SteroidPotion"]}],"circlet_count":0,"master_deck":["AscendersBane","Survivor","Neutralize","Magnetism+1","Skewer+1","Endless Agony","All Out Attack","Backflip","Backstab","Noxious Fumes+1","Flechettes","Wraith Form v2+1","Riddle With Holes","Bouncing Flask","Night Terror","Corpse Explosion","Wraith Form v2+1","Flechettes","Burst+1","Quick Slash","PiercingWail","Outmaneuver","Outmaneuver+1","Shame","Deadly Poison+1","Leg Sweep","Ghostly","Ghostly","Ghostly","Setup"],"potion_use_per_floor":[[],[],[],[],[],[],["Fire Potion"],[],[],[],[],[],[],["DuplicationPotion"],[],["EssenceOfSteel"],[],[],[],[],[],[],[],[],[],[],[],["DistilledChaos"],[],[],[],[],["EssenceOfSteel","BlessingOfTheForge"]],"relics":["Ring of the Snake","Pear","Du-Vu Doll","Potion Belt","Bottled Tornado","Pandora\u0027s Box","Calipers","Happy Flower","MealTicket"],"potions_floor_usage":[7,14,16,28,33,33],"damage_taken":[{"damage":0,"enemies":"2 Louse","floor":1,"turns":5},{"damage":0,"enemies":"Cultist","floor":2,"turns":4},{"damage":9,"enemies":"Small Slimes","floor":3,"turns":4},{"damage":4,"enemies":"Blue Slaver","floor":4,"turns":8},{"damage":14,"enemies":"Large Slime","floor":5,"turns":7},{"damage":10,"enemies":"3 Sentries","floor":7,"turns":5},{"damage":0,"enemies":"Lots of Slimes","floor":10,"turns":38},{"damage":16,"enemies":"Exordium Thugs","floor":12,"turns":5},{"damage":0,"enemies":"Gremlin Nob","floor":14,"turns":2},{"damage":9,"enemies":"Hexaghost","floor":16,"turns":10},{"damage":3,"enemies":"Chosen","floor":18,"turns":5},{"damage":2,"enemies":"Spheric Guardian","floor":19,"turns":4},{"damage":1,"enemies":"Snecko","floor":22,"turns":5},{"damage":11,"enemies":"Sentry and Sphere","floor":24,"turns":3},{"damage":3,"enemies":"3 Cultists","floor":25,"turns":4},{"damage":0,"enemies":"Slavers","floor":28,"turns":1},{"damage":5,"enemies":"Shelled Parasite and Fungi","floor":31,"turns":6},{"damage":33,"enemies":"Automaton","floor":33,"turns":6}],"seed_played":"-5515364738855974235","neow_bonus_log":{"cardsObtained":[],"cardsUpgraded":[],"cardsRemoved":[],"cardsTransformed":[],"relicsObtained":[],"maxHpGained":0,"goldGained":0,"damageTaken":0,"goldLost":0,"maxHpLost":6},"potions_obtained":[{"floor":1,"key":"DuplicationPotion"},{"floor":4,"key":"ColorlessPotion"},{"floor":5,"key":"Fire Potion"},{"floor":10,"key":"EssenceOfSteel"},{"floor":16,"key":"EssenceOfSteel"},{"floor":18,"key":"DistilledChaos"},{"floor":25,"key":"SteroidPotion"},{"floor":31,"key":"BlessingOfTheForge"}],"is_trial":false,"path_per_floor":["M","M","M","M","M","R","E","R","T","M","$","M","?","E","R","B",null,"M","M","$","?","M","R","M","M","T","R","E","R","?","M","R","B"],"character_chosen":"THE_SILENT","items_purchased":["Potion Belt","Noxious Fumes","Outmaneuver"],"campfire_rested":0,"item_purchase_floors":[11,11,20],"current_hp_per_floor":[59,59,50,46,32,32,32,32,32,32,32,16,16,16,16,7,54,51,49,49,49,48,48,37,34,34,34,34,34,34,29,29,0],"gold":122,"neow_bonus":"RANDOM_COLORLESS_2","is_prod":false,"is_daily":false,"rewards_skipped":[],"chose_seed":false,"campfire_upgraded":7,"win_rate":0,"floor_exit_playtime":[353,407,472,592,723,731,854,861,886,1239,1335,1467,1475,1543,1573,1753,1953,2053,2155,2298,2315,2402,2408,2472,2568,2579,2603,2662,2672,2685,2806,2811],"timestamp":1654103333,"path_taken":["M","M","M","M","M","R","E","R","T","M","$","M","?","E","R","BOSS","M","M","?","?","M","R","M","M","T","R","E","R","?","M","R","BOSS"],"build_version":"2022-03-07","purchased_purges":1,"victory":false,"max_hp_per_floor":[60,60,60,60,60,60,70,70,70,70,70,70,70,70,70,70,70,70,70,70,70,70,70,70,70,70,70,70,70,35,35,35,35],"relic_stats":{"Calipers":[0],"Happy Flower":[4],"counters":[18,122],"Pandora\u0027s Box":["Skewer","Riddle With Holes","Bouncing Flask","Night Terror","Corpse Explosion","Wraith Form v2","Flechettes","Burst","Quick Slash"],"MealTicket":0,"Bottled Tornado":"Magnetism","obtain_stats":[{"Du-Vu Doll":9,"Potion Belt":11,"Pear":7,"Calipers":21,"Happy Flower":26,"Pandora\u0027s Box":17,"MealTicket":28,"Bottled Tornado":14,"Ring of the Snake":0},{"Du-Vu Doll":6,"Potion Belt":7,"Pear":6,"Calipers":12,"Happy Flower":15,"Pandora\u0027s Box":10,"MealTicket":16,"Bottled Tornado":9,"Ring of the Snake":0},{"Du-Vu Doll":33,"Potion Belt":71,"Pear":33,"Calipers":97,"Happy Flower":109,"Pandora\u0027s Box":88,"MealTicket":110,"Bottled Tornado":78,"Ring of the Snake":0}],"Ring of the Snake":[38]},"card_choices":[{"not_picked":["Violence","Metamorphosis"],"picked":"Magnetism","floor":0},{"not_picked":["Sucker Punch","Acrobatics"],"picked":"Skewer","floor":1},{"not_picked":["Outmaneuver","Acrobatics"],"picked":"Endless Agony","floor":2},{"not_picked":["Blade Dance","Caltrops"],"picked":"All Out Attack","floor":3},{"not_picked":["Cloak And Dagger","Deadly Poison"],"picked":"Backflip","floor":4},{"not_picked":["Cloak And Dagger","Bullet Time"],"picked":"Backstab","floor":5},{"not_picked":["Underhanded Strike","Deadly Poison","Backflip"],"picked":"SKIP","floor":7},{"not_picked":["A Thousand Cuts","Backflip","Eviscerate"],"picked":"SKIP","floor":10},{"not_picked":["PiercingWail","Expertise"],"picked":"Flechettes","floor":12},{"not_picked":["Heel Hook","Outmaneuver","Bane"],"picked":"SKIP","floor":14},{"not_picked":["Burst","Phantasmal Killer"],"picked":"Wraith Form v2","floor":16},{"not_picked":["Deflect","Blur"],"picked":"PiercingWail","floor":18},{"not_picked":["Finisher","Quick Slash"],"picked":"Outmaneuver","floor":19},{"not_picked":["A Thousand Cuts","Cloak And Dagger+1"],"picked":"Deadly Poison+1","floor":22},{"not_picked":["Poisoned Stab","Bane"],"picked":"Leg Sweep","floor":24},{"not_picked":["Infinite Blades","Slice","Bouncing Flask"],"picked":"SKIP","floor":25},{"not_picked":["Infinite Blades","Slice","Bouncing Flask"],"picked":"SKIP","floor":25},{"not_picked":["Infinite Blades","Slice","Bouncing Flask"],"picked":"SKIP","floor":25},{"not_picked":["Flechettes+1","Outmaneuver","Deflect"],"picked":"SKIP","floor":28},{"not_picked":["Burst","Acrobatics"],"picked":"Setup","floor":31}],"player_experience":7044399,"relics_obtained":[{"floor":7,"key":"Pear"},{"floor":9,"key":"Du-Vu Doll"},{"floor":14,"key":"Bottled Tornado"},{"floor":26,"key":"Happy Flower"},{"floor":28,"key":"MealTicket"}],"event_choices":[{"cards_removed":["Strike_G"],"damage_healed":0,"gold_gain":0,"player_choice":"Purged","damage_taken":0,"max_hp_gain":0,"max_hp_loss":0,"event_name":"Purifier","floor":13,"gold_loss":0},{"damage_healed":0,"gold_gain":0,"player_choice":"Stole Relic","damage_taken":0,"relics_obtained":["Calipers"],"max_hp_gain":0,"max_hp_loss":0,"event_name":"Addict","floor":21,"gold_loss":0,"cards_obtained":["Shame"]},{"damage_healed":0,"gold_gain":0,"player_choice":"Became a Ghost","damage_taken":0,"max_hp_gain":0,"max_hp_loss":35,"event_name":"Ghosts","floor":30,"gold_loss":0,"cards_obtained":["Ghostly","Ghostly","Ghostly"]}],"is_beta":false,"boss_relics":[{"not_picked":["WristBlade","Ring of the Serpent"],"picked":"Pandora\u0027s Box"}],"items_purged_floors":[20],"is_endless":false,"potions_floor_spawned":[1,4,5,10,16,18,25,31],"killed_by":"Automaton","ascension_level":20,"potion_discard_per_floor":[[],[],[],[],["ColorlessPotion"],[],[],[],[],[],[],[],[],[],[],[],[],[],[],[],[],[],[],[],[],[],[],[],[],[],[],[],[]]}