{"neow_bonuses_skipped_log":["THREE_CARDS","TWO_FIFTY_GOLD","BOSS_RELIC"],"neow_costs_skipped_log":["NONE","CURSE","NONE"],"gold_per_floor":[216,47,67,5,16,48,59,59,59,92,92,103,121,171,171,248,248,259,269,34,34,48,48,48,48,72,107,117,144,44,77,77,155,155,168,219,219,219,1218,1252,1252,1284,1284,808,808,834,834,849,849,849,849],"floor_reached":51,"playtime":1831,"items_purged":["Strike_G","Strike_G","Bane+1"],"score":1823,"play_id":"bfecaf04-3f00-46e8-bc01-7b663257061c","local_time":"20220603161601","falling_options_log":["Finisher+1","Caltrops+1"],"is_ascension_mode":true,"campfire_choices":[{"data":"Blade Dance","floor":8,"key":"SMITH"},{"data":"Blade Dance","floor":11,"key":"SMITH"},{"data":"Finisher","floor":15,"key":"SMITH"},{"data":"Backflip","floor":23,"key":"SMITH"},{"data":"Doppelganger","floor":32,"key":"SMITH"},{"floor":41,"key":"RECALL"},{"data":"Tools of the Trade","floor":47,"key":"SMITH"},{"data":"Adrenaline","floor":49,"key":"SMITH"}],"neow_cost":"NONE","seed_source_timestamp":1755384662895700,"shop_contents":[{"floor":2,"relics":["Meat on the Bone","War Paint"],"cards":["Underhanded Strike","Quick Slash","Acrobatics","Reflex","Noxious Fumes","Purity","Transmutation"],"potions":["CunningPotion","AttackPotion","Poison Potion"]},{"floor":20,"relics":["Strawberry","Whetstone"],"cards":["Flying Knee","Eviscerate","Prepared","Blur","Tools of the Trade","Purity","Thinking Ahead"],"potions":["Weak Potion","Fire Potion","EntropicBrew"]},{"floor":30,"relics":["StoneCalendar","Happy Flower","Strange Spoon"],"cards":["Quick Slash+1","Heel Hook+1","Terror","Crippling Poison","Infinite Blades","Madness","Secret Weapon"],"potions":["AttackPotion","FearPotion","Explosive Potion"]},{"floor":38,"relics":["Ancient Tea Set","Bottled Lightning","DollysMirror"],"cards":["Eviscerate+1","Quick Slash+1","Deadly Poison","Crippling Poison","Noxious Fumes","Dark Shackles","Thinking Ahead"],"potions":["AttackPotion","Weak Potion","Regen Potion"]},{"floor":44,"relics":["Orichalcum","Cauldron"],"cards":["Predator+1","Grand Finale+1","Dodge and Roll+1","Infinite Blades","Thinking Ahead+1"],"potions":["Block Potion","Explosive Potion","Ancient Potion"]}],"circlet_count":0,"master_deck":["AscendersBane","Defend_G","Defend_G","Defend_G","Defend_G","Defend_G","Survivor","Neutralize","Poisoned Stab","Slice","Blade Dance+1","Finisher+1","Endless Agony","Backflip+1","Adrenaline+1","Finisher+1","Eviscerate+1","Acrobatics","Reflex+1","Dagger Throw+1","Blade Dance+1","Doppelganger+1","Tools of the Trade+1","Caltrops+1","Leg Sweep+1","Panacea+1","Phantasmal Killer+1","Deflect+1"],"potion_use_per_floor":[[],[],[],[],[],[],[],[],[],[],[],[],[],[],[],[],[],[],[],[],[],[],[],[],[],[],["CunningPotion"],[],[],[],[],[],["AttackPotion"],[],[],["EssenceOfSteel"],[],[],[],[],[],[],[],[],[],[],[],[],[],[],["LiquidBronze","LiquidMemories"]],"relics":["Ring of the Snake","Sling","HornCleat","Lantern","Question Card","Akabeko","Astrolabe","ClockworkSouvenir","Molten Egg 2","Calipers","Omamori","WristBlade","Mango","Torii","Shuriken","Toxic Egg 2","Toy Ornithopter","Regal Pillow"],"potions_floor_usage":[27,33,36,51,51],"damage_taken":[{"damage":0,"enemies":"2 Louse","floor":1,"turns":3},{"damage":1,"enemies":"Cultist","floor":3,"turns":4},{"damage":0,"enemies":"Small Slimes","floor":5,"turns":3},{"damage":3,"enemies":"Lagavulin","floor":6,"turns":5},{"damage":0,"enemies":"Exordium Wildlife","floor":7,"turns":3},{"damage":0,"enemies":"Gremlin Nob","floor":10,"turns":3},{"damage":0,"enemies":"Blue Slaver","floor":12,"turns":2},{"damage":0,"enemies":"2 Fungi Beasts","floor":13,"turns":1},{"damage":43,"enemies":"The Guardian","floor":16,"turns":9},{"damage":0,"enemies":"Chosen","floor":18,"turns":3},{"damage":0,"enemies":"Spheric Guardian","floor":19,"turns":3},{"damage":0,"enemies":"Snake Plant","floor":22,"turns":1},{"damage":0,"enemies":"Slavers","floor":27,"turns":2},{"damage":0,"enemies":"Snecko","floor":28,"turns":1},{"damage":2,"enemies":"Book of Stabbing","floor":29,"turns":3},{"damage":0,"enemies":"Slavers","floor":31,"turns":2},{"damage":25,"enemies":"Collector","floor":33,"turns":5},{"damage":0,"enemies":"3 Shapes","floor":35,"turns":1},{"damage":0,"enemies":"2 Orb Walkers","floor":36,"turns":3},{"damage":0,"enemies":"Giant Head","floor":40,"turns":3},{"damage":0,"enemies":"Nemesis","floor":42,"turns":1},{"damage":0,"enemies":"Giant Head","floor":46,"turns":3},{"damage":0,"enemies":"Orb Walker","floor":48,"turns":1},{"damage":67,"enemies":"Awakened One","floor":50,"turns":12},{"damage":20,"enemies":"Time Eater","floor":51,"turns":7}],"seed_played":"-7978156076987288990","neow_bonus_log":{"cardsObtained":[],"cardsUpgraded":[],"cardsRemoved":[],"cardsTransformed":[],"relicsObtained":[],"maxHpGained":0,"goldGained":100,"damageTaken":0,"goldLost":0,"maxHpLost":0},"potions_obtained":[{"floor":3,"key":"Fire Potion"},{"floor":6,"key":"Energy Potion"},{"floor":18,"key":"AttackPotion"},{"floor":25,"key":"CunningPotion"},{"floor":31,"key":"EssenceOfSteel"},{"floor":40,"key":"LiquidMemories"},{"floor":42,"key":"LiquidBronze"}],"is_trial":false,"path_per_floor":["M","$","M","?","M","E","M","R","T","E","R","M","M","?","R","B",null,"M","M","$","?","M","R","?","?","T","E","M","E","$","E","R","B",null,"M","?","?","$","?","E","R","E","T","$","?","E","R","M","R","B","B"],"character_chosen":"THE_SILENT","items_purchased":["Sling","ClockworkSouvenir","Leg Sweep+1","Panacea+1","Toy Ornithopter"],"campfire_rested":0,"item_purchase_floors":[2,20,44,44,44],"current_hp_per_floor":[59,59,58,58,58,55,55,55,55,55,55,55,55,55,55,12,53,53,53,53,53,53,53,53,53,53,53,53,51,51,51,51,26,56,56,70,70,70,70,70,70,70,70,70,70,70,70,70,70,3,0],"gold":849,"neow_bonus":"HUNDRED_GOLD","is_prod":false,"is_daily":false,"rewards_skipped":[{"floor":12,"relics":[],"potions":["Explosive Potion"]},{"floor":19,"relics":[],"potions":["SneckoOil"]},{"floor":25,"relics":[],"potions":["Strength Potion"]},{"floor":48,"relics":[],"potions":["LiquidBronze"]}],"chose_seed":false,"campfire_upgraded":7,"win_rate":0,"floor_exit_playtime":[46,74,102,112,135,179,225,234,246,278,285,311,330,333,340,454,498,535,572,614,616,661,671,677,683,685,740,758,826,835,876,880,1033,1069,1090,1147,1150,1168,1174,1230,1233,1280,1284,1353,1365,1443,1448,1474,1481,1677],"timestamp":1654287361,"blue_key_relic_skipped_log":{"floor":26,"relicID":"Boot"},"path_taken":["M","$","M","?","M","E","M","R","T","E","R","?","M","?","R","BOSS","M","M","$","?","M","R","?","?","T","E","?","E","?","E","R","BOSS","M","?","?","?","?","E","R","E","T","$","?","E","R","M","R","BOSS","BOSS"],"build_version":"2022-03-07","purchased_purges":3,"victory":false,"max_hp_per_floor":[66,66,66,66,66,66,66,66,66,66,66,66,66,66,66,66,66,66,66,66,66,66,66,66,66,66,66,66,66,66,66,66,66,66,66,80,80,80,80,80,80,80,80,80,80,80,80,80,80,80,80],"relic_stats":{"Regal Pillow":0,"Calipers":[0],"Torii":1,"counters":[25,84],"Shuriken":[23],"Astrolabe":["Finisher","Bane","Eviscerate"],"Omamori":2,"Question Card":18,"obtain_stats":[{"Lantern":6,"Regal Pillow":46,"Calipers":29,"Torii":40,"Astrolabe":17,"Mango":36,"Omamori":31,"Sling":2,"Question Card":9,"Akabeko":10,"ClockworkSouvenir":20,"HornCleat":4,"WristBlade":34,"Shuriken":42,"Molten Egg 2":27,"Toxic Egg 2":43,"Toy Ornithopter":44,"Ring of the Snake":0},{"Lantern":4,"Regal Pillow":22,"Calipers":15,"Torii":20,"Astrolabe":9,"Mango":19,"Omamori":16,"Sling":1,"Question Card":5,"Akabeko":6,"ClockworkSouvenir":11,"HornCleat":2,"WristBlade":17,"Shuriken":21,"Molten Egg 2":13,"Toxic Egg 2":21,"Toy Ornithopter":21,"Ring of the Snake":0},{"Lantern":15,"Regal Pillow":64,"Calipers":46,"Torii":60,"Astrolabe":33,"Mango":57,"Omamori":48,"Sling":3,"Question Card":18,"Akabeko":21,"ClockworkSouvenir":39,"HornCleat":7,"WristBlade":53,"Shuriken":61,"Molten Egg 2":42,"Toxic Egg 2":61,"Toy Ornithopter":61,"Ring of the Snake":0}],"Toy Ornithopter":10,"Ring of the Snake":[52]},"card_choices":[{"not_picked":["Dagger Spray","Dodge and Roll"],"picked":"Poisoned Stab","floor":1},{"not_picked":["Outmaneuver","Choke"],"picked":"Slice","floor":3},{"not_picked":["Flying Knee","Eviscerate"],"picked":"Blade Dance","floor":5},{"not_picked":["Grand Finale","Cloak And Dagger"],"picked":"Blade Dance","floor":6},{"not_picked":["Dagger Throw","Cloak And Dagger"],"picked":"Finisher","floor":7},{"not_picked":["Flying Knee","Setup","Concentrate"],"picked":"Endless Agony","floor":10},{"not_picked":["Slice","Flying Knee","Dodge and Roll"],"picked":"Backflip","floor":13},{"not_picked":["A Thousand Cuts","Envenom","Bullet Time"],"picked":"Adrenaline","floor":16},{"not_picked":["Outmaneuver","Dodge and Roll","Dash","Blur"],"picked":"SKIP","floor":18},{"not_picked":["Poisoned Stab","Escape Plan","Dash"],"picked":"Acrobatics","floor":19},{"not_picked":["Dagger Throw","Slice","Deadly Poison"],"picked":"Reflex+1","floor":22},{"not_picked":["Storm of Steel","Sucker Punch+1","Poisoned Stab+1"],"picked":"Dagger Throw+1","floor":27},{"not_picked":["Cloak And Dagger","Eviscerate+1","Bane+1"],"picked":"Blade Dance+1","floor":29},{"not_picked":["Catalyst+1","Dagger Spray+1","Dagger Throw+1"],"picked":"Doppelganger","floor":31},{"not_picked":["Glass Knife+1","Doppelganger","Envenom"],"picked":"Tools of the Trade","floor":33},{"not_picked":["Dagger Throw+1","Catalyst+1","Choke+1","Eviscerate+1"],"picked":"SKIP","floor":35},{"not_picked":["Outmaneuver","Backflip","Bane+1","Prepared"],"picked":"SKIP","floor":36},{"not_picked":["Backflip","Outmaneuver+1","Quick Slash+1"],"picked":"Caltrops+1","floor":40},{"not_picked":["Prepared","Backstab+1","Noxious Fumes+1","Quick Slash+1"],"picked":"SKIP","floor":42},{"not_picked":["Bouncing Flask+1","Choke+1","Underhanded Strike+1"],"picked":"Phantasmal Killer+1","floor":46},{"not_picked":["Backstab+1","Skewer+1","Sucker Punch+1"],"picked":"Deflect+1","floor":48}],"player_experience":7077832,"relics_obtained":[{"floor":6,"key":"Lantern"},{"floor":9,"key":"Question Card"},{"floor":10,"key":"Akabeko"},{"floor":27,"key":"Molten Egg 2"},{"floor":29,"key":"Calipers"},{"floor":31,"key":"Omamori"},{"floor":36,"key":"Mango"},{"floor":40,"key":"Torii"},{"floor":42,"key":"Shuriken"},{"floor":43,"key":"Toxic Egg 2"},{"floor":46,"key":"Regal Pillow"}],"event_choices":[{"damage_healed":0,"gold_gain":0,"player_choice":"Paid Gold","damage_taken":0,"relics_obtained":["HornCleat"],"max_hp_gain":0,"max_hp_loss":0,"event_name":"WeMeetAgain","floor":4,"gold_loss":62},{"damage_healed":0,"gold_gain":50,"player_choice":"Pray","damage_taken":0,"max_hp_gain":0,"max_hp_loss":0,"event_name":"Golden Shrine","floor":14,"gold_loss":0},{"damage_healed":0,"gold_gain":0,"player_choice":"Ignored","damage_taken":0,"max_hp_gain":0,"max_hp_loss":0,"event_name":"Ghosts","floor":21,"gold_loss":0},{"damage_healed":0,"gold_gain":0,"player_choice":"Ignored","damage_taken":0,"max_hp_gain":0,"max_hp_loss":0,"event_name":"The Mausoleum","floor":24,"gold_loss":0},{"damage_healed":0,"gold_gain":0,"player_choice":"Got Potions","damage_taken":0,"max_hp_gain":0,"max_hp_loss":0,"event_name":"Lab","floor":25,"gold_loss":0},{"damage_healed":0,"gold_gain":0,"player_choice":"Fight","damage_taken":0,"max_hp_gain":0,"max_hp_loss":0,"event_name":"Mysterious Sphere","floor":36,"gold_loss":0},{"damage_healed":0,"gold_gain":0,"player_choice":"Ignored","damage_taken":0,"max_hp_gain":0,"max_hp_loss":0,"event_name":"Tomb of Lord Red Mask","floor":37,"gold_loss":0},{"damage_healed":0,"gold_gain":999,"player_choice":"Gold","damage_taken":0,"max_hp_gain":0,"max_hp_loss":0,"event_name":"MindBloom","floor":39,"gold_loss":0,"cards_obtained":["Normality","Normality"]},{"cards_removed":["Blade Dance"],"damage_healed":0,"gold_gain":0,"player_choice":"Removed Skill","damage_taken":0,"max_hp_gain":0,"max_hp_loss":0,"event_name":"Falling","floor":45,"gold_loss":0}],"is_beta":false,"boss_relics":[{"not_picked":["Ectoplasm","Ring of the Serpent"],"picked":"Astrolabe"},{"not_picked":["Busted Crown","Tiny House"],"picked":"WristBlade"}],"items_purged_floors":[20,30,44],"is_endless":false,"potions_floor_spawned":[3,6,12,18,19,31,40,42,48],"killed_by":"Time Eater","ascension_level":20,"potion_discard_per_floor":[[],[],[],[],[],[],[],[],[],[],[],[],[],[],[],[],[],["Energy Potion"],[],[],[],[],[],[],["Fire Potion"],[],[],[],[],[],[],[],[],[],[],[],[],[],[],[],[],[],[],[],[],[],[],[],[],[],[]]}