{"neow_bonuses_skipped_log":["RANDOM_COLORLESS","TRANSFORM_TWO_CARDS","BOSS_RELIC"],"neow_costs_skipped_log":["NONE","NO_GOLD","NONE"],"gold_per_floor":[114,132,132,132,146,146,176,194,194,223,203,223,239,273,273,273],"floor_reached":16,"playtime":741,"items_purged":[],"score":248,"play_id":"b4f246b6-2b21-4e75-94b9-28284d5cde27","local_time":"20220601132142","is_ascension_mode":true,"campfire_choices":[{"data":"Predator","floor":6,"key":"SMITH"},{"floor":15,"key":"REST"}],"neow_cost":"NONE","seed_source_timestamp":1573215773608400,"shop_contents":[],"circlet_count":0,"master_deck":["AscendersBane","Strike_G","Strike_G","Strike_G","Strike_G","Strike_G","Defend_G","Defend_G","Defend_G","Defend_G","Defend_G","Survivor","Neutralize","Noxious Fumes","Poisoned Stab","Predator+1","Bane","Dash","Deadly Poison","Bouncing Flask","Wraith Form v2"],"potion_use_per_floor":[[],[],[],[],[],[],["SteroidPotion"],[],[],[],["SmokeBomb"],[],["Fire Potion"],["LiquidMemories"],[],[]],"relics":["Ring of the Snake","Blood Vial","Potion Belt","Pear","Regal Pillow","Bottled Flame","Omamori"],"potions_floor_usage":[7,11,13,14],"damage_taken":[{"damage":3,"enemies":"Small Slimes","floor":1,"turns":5},{"damage":2,"enemies":"Jaw Worm","floor":2,"turns":5},{"damage":1,"enemies":"2 Louse","floor":5,"turns":3},{"damage":28,"enemies":"Gremlin Nob","floor":7,"turns":4},{"damage":1,"enemies":"Exordium Wildlife","floor":8,"turns":5},{"damage":17,"enemies":"Lagavulin","floor":10,"turns":6},{"damage":0,"enemies":"Looter","floor":11,"turns":2},{"damage":1,"enemies":"2 Fungi Beasts","floor":12,"turns":4},{"damage":0,"enemies":"Lots of Slimes","floor":13,"turns":5},{"damage":7,"enemies":"3 Sentries","floor":14,"turns":5},{"damage":52,"enemies":"Slime Boss","floor":16,"turns":10}],"seed_played":"-1132682478071227912","neow_bonus_log":{"cardsObtained":[],"cardsUpgraded":[],"cardsRemoved":[],"cardsTransformed":[],"relicsObtained":["Blood Vial"],"maxHpGained":0,"goldGained":0,"damageTaken":0,"goldLost":0,"maxHpLost":0},"potions_obtained":[{"floor":1,"key":"SteroidPotion"},{"floor":2,"key":"Fire Potion"},{"floor":10,"key":"SmokeBomb"},{"floor":12,"key":"LiquidMemories"}],"is_trial":false,"path_per_floor":["M","M","?","?","M","R","E","M","T","E","M","M","M","E","R","B"],"character_chosen":"THE_SILENT","items_purchased":[],"campfire_rested":1,"item_purchase_floors":[],"current_hp_per_floor":[58,58,58,40,41,41,25,26,26,11,13,14,16,11,48,0],"gold":273,"neow_bonus":"RANDOM_COMMON_RELIC","is_prod":false,"is_daily":false,"rewards_skipped":[],"chose_seed":false,"campfire_upgraded":1,"win_rate":0,"floor_exit_playtime":[78,141,144,148,190,195,252,309,312,382,402,441,536,609,613],"timestamp":1654104102,"path_taken":["M","M","?","?","M","R","E","M","T","E","M","M","M","E","R","BOSS"],"build_version":"2022-03-07","purchased_purges":0,"victory":false,"max_hp_per_floor":[66,66,66,66,66,66,76,76,76,76,76,76,76,76,76,76],"relic_stats":{"Blood Vial":22,"Regal Pillow":15,"Bottled Flame":"Predator","counters":[11,54],"Omamori":0,"obtain_stats":[{"Blood Vial":0,"Potion Belt":4,"Regal Pillow":9,"Bottled Flame":10,"Pear":7,"Omamori":14,"Ring of the Snake":0},{"Blood Vial":0,"Potion Belt":2,"Regal Pillow":5,"Bottled Flame":6,"Pear":4,"Omamori":10,"Ring of the Snake":0},{"Blood Vial":0,"Potion Belt":10,"Regal Pillow":22,"Bottled Flame":28,"Pear":17,"Omamori":44,"Ring of the Snake":0}],"Ring of the Snake":[22]},"card_choices":[{"not_picked":["Distraction","Prepared"],"picked":"Noxious Fumes","floor":1},{"not_picked":["Underhanded Strike","Reflex"],"picked":"Poisoned Stab","floor":2},{"not_picked":["Dagger Throw","Noxious Fumes"],"picked":"Predator","floor":5},{"not_picked":["Setup","Tactician"],"picked":"Bane","floor":7},{"not_picked":["Deadly Poison","Backflip"],"picked":"Dash","floor":8},{"not_picked":["Flying Knee","Dodge and Roll","Underhanded Strike"],"picked":"SKIP","floor":10},{"not_picked":["Catalyst","Flying Knee"],"picked":"Deadly Poison","floor":12},{"not_picked":["Flying Knee","Distraction"],"picked":"Bouncing Flask","floor":13},{"not_picked":["Flying Knee","Blade Dance"],"picked":"Wraith Form v2","floor":14}],"player_experience":7047420,"relics_obtained":[{"floor":7,"key":"Pear"},{"floor":9,"key":"Regal Pillow"},{"floor":10,"key":"Bottled Flame"},{"floor":14,"key":"Omamori"}],"event_choices":[{"damage_healed":0,"gold_gain":0,"player_choice":"Ignored","damage_taken":0,"max_hp_gain":0,"max_hp_loss":0,"event_name":"Liars Game","floor":3,"gold_loss":0},{"damage_healed":0,"gold_gain":0,"player_choice":"Success","damage_taken":18,"relics_obtained":["Potion Belt"],"max_hp_gain":0,"max_hp_loss":0,"event_name":"Scrap Ooze","floor":4,"gold_loss":0}],"is_beta":false,"boss_relics":[],"items_purged_floors":[],"is_endless":false,"potions_floor_spawned":[1,2,10,11,12],"killed_by":"Slime Boss","ascension_level":20,"potion_discard_per_floor":[[],[],[],[],[],[],[],[],[],[],[],[],[],[],[],[]]}