{"neow_bonuses_skipped_log":["RANDOM_COLORLESS","TWO_FIFTY_GOLD","BOSS_RELIC"],"neow_costs_skipped_log":["NONE","CURSE","NONE"],"gold_per_floor":[112,126,126,137,156,187,187,202,281,281,312,330,330,346,346,420,420,438,438,71,47,47,47,78,78,127,127],"floor_reached":27,"playtime":3717,"items_purged":["Strike_G"],"score":586,"play_id":"b351b390-7407-4ade-b122-0dd35427f98b","local_time":"20220609132006","is_ascension_mode":true,"campfire_choices":[{"data":"Phantasmal Killer","floor":7,"key":"SMITH"},{"data":"Predator","floor":10,"key":"SMITH"},{"data":"Leg Sweep","floor":13,"key":"SMITH"},{"data":"Defend_G","floor":15,"key":"PURGE"},{"data":"Glass Knife","floor":23,"key":"SMITH"},{"floor":25,"key":"REST"}],"neow_cost":"NONE","seed_source_timestamp":2261342581393400,"shop_contents":[{"floor":20,"relics":["Centennial Puzzle","Kunai","Cauldron"],"cards":["Flechettes","Skewer","Trip","Chrysalis"],"potions":["Dexterity Potion","Explosive Potion","Weak Potion"]}],"circlet_count":0,"master_deck":["AscendersBane","Strike_G","Strike_G","Strike_G","Strike_G","Defend_G","Defend_G","Defend_G+1","Defend_G","Survivor","Neutralize","Terror","Quick Slash+1","Riddle With Holes","Calculated Gamble+1","Phantasmal Killer+1","Predator+1","Leg Sweep+1","Glass Knife+1","CurseOfTheBell","Bullet Time","Well Laid Plans","Backflip","Blade Dance","Dagger Spray+1"],"potion_use_per_floor":[[],[],[],[],[],["GamblersBrew"],[],[],[],[],["Weak Potion"],[],[],[],[],["SteroidPotion"],[],["Regen Potion"],[],[],[],[],[],["AttackPotion"],[],[],[]],"relics":["Ring of the Snake","Smiling Mask","HornCleat","Shuriken","Peace Pipe","Calling Bell","War Paint","Matryoshka","StoneCalendar","Art of War","Question Card","Happy Flower"],"potions_floor_usage":[6,11,16,18,24],"damage_taken":[{"damage":4,"enemies":"Jaw Worm","floor":1,"turns":5},{"damage":0,"enemies":"Cultist","floor":2,"turns":3},{"damage":13,"enemies":"Small Slimes","floor":4,"turns":3},{"damage":2,"enemies":"2 Fungi Beasts","floor":5,"turns":4},{"damage":6,"enemies":"Gremlin Nob","floor":6,"turns":3},{"damage":2,"enemies":"3 Louse","floor":8,"turns":5},{"damage":1,"enemies":"Lagavulin","floor":11,"turns":3},{"damage":3,"enemies":"Large Slime","floor":12,"turns":4},{"damage":8,"enemies":"Exordium Wildlife","floor":14,"turns":4},{"damage":0,"enemies":"Slime Boss","floor":16,"turns":3},{"damage":8,"enemies":"Shell Parasite","floor":18,"turns":5},{"damage":14,"enemies":"2 Thieves","floor":21,"turns":4},{"damage":43,"enemies":"Book of Stabbing","floor":24,"turns":5},{"damage":23,"enemies":"Shelled Parasite and Fungi","floor":27,"turns":3}],"seed_played":"-8186879018918095650","neow_bonus_log":{"cardsObtained":[],"cardsUpgraded":[],"cardsRemoved":[],"cardsTransformed":[],"relicsObtained":["Smiling Mask"],"maxHpGained":0,"goldGained":0,"damageTaken":0,"goldLost":0,"maxHpLost":0},"potions_obtained":[{"floor":1,"key":"GamblersBrew"},{"floor":5,"key":"Weak Potion"},{"floor":6,"key":"SteroidPotion"},{"floor":11,"key":"BlessingOfTheForge"},{"floor":12,"key":"Regen Potion"},{"floor":16,"key":"Explosive Potion"},{"floor":19,"key":"AttackPotion"}],"is_trial":false,"path_per_floor":["M","M","?","M","M","E","R","M","T","R","E","M","R","M","R","B",null,"M","?","$","M","?","R","E","R","T","M"],"character_chosen":"THE_SILENT","items_purchased":["Bullet Time","Well Laid Plans","Backflip"],"campfire_rested":1,"item_purchase_floors":[20,20,20],"current_hp_per_floor":[55,55,55,42,40,34,34,32,32,32,31,28,28,20,20,20,55,59,59,59,45,45,45,2,21,21,0],"gold":127,"neow_bonus":"RANDOM_COMMON_RELIC","is_prod":false,"is_daily":false,"rewards_skipped":[{"floor":19,"relics":[],"potions":["SneckoOil"]}],"chose_seed":false,"campfire_upgraded":4,"win_rate":0,"floor_exit_playtime":[538,629,866,969,1176,1400,1456,1574,1786,1796,1929,2048,2065,2255,2291,2442,2629,2710,2725,3299,3437,3472,3484,3649,3654,3662],"timestamp":1654795206,"path_taken":["M","M","?","M","M","E","R","?","T","R","E","M","R","M","R","BOSS","M","?","$","?","?","R","E","R","T","M"],"build_version":"2022-03-07","purchased_purges":1,"victory":false,"max_hp_per_floor":[66,66,66,66,66,66,66,66,66,66,66,66,66,66,66,66,66,66,66,66,66,66,66,66,66,66,66],"relic_stats":{"Peace Pipe":1,"Matryoshka":1,"Happy Flower":[1],"counters":[14,54],"Shuriken":[11],"StoneCalendar":[0],"Art of War":[0],"War Paint":["Calculated Gamble","Defend_G"],"Smiling Mask":25,"Question Card":0,"obtain_stats":[{"Peace Pipe":11,"Calling Bell":17,"HornCleat":6,"Matryoshka":17,"Happy Flower":26,"Shuriken":9,"StoneCalendar":17,"Art of War":24,"War Paint":17,"Smiling Mask":0,"Question Card":26,"Ring of the Snake":0},{"Peace Pipe":7,"Calling Bell":10,"HornCleat":5,"Matryoshka":10,"Happy Flower":13,"Shuriken":6,"StoneCalendar":10,"Art of War":13,"War Paint":10,"Smiling Mask":0,"Question Card":13,"Ring of the Snake":0},{"Peace Pipe":26,"Calling Bell":37,"HornCleat":18,"Matryoshka":37,"Happy Flower":51,"Shuriken":23,"StoneCalendar":37,"Art of War":51,"War Paint":37,"Smiling Mask":0,"Question Card":51,"Ring of the Snake":0}],"Ring of the Snake":[28]},"card_choices":[{"not_picked":["Expertise","Blade Dance"],"picked":"Terror","floor":1},{"not_picked":["Setup","Accuracy"],"picked":"Quick Slash","floor":2},{"not_picked":["Outmaneuver","Dodge and Roll"],"picked":"Riddle With Holes","floor":4},{"not_picked":["Finisher","Deadly Poison"],"picked":"Calculated Gamble","floor":5},{"not_picked":["Distraction","Flying Knee"],"picked":"Phantasmal Killer","floor":6},{"not_picked":["Prepared","PiercingWail"],"picked":"Predator","floor":8},{"not_picked":["Poisoned Stab","Terror","Setup"],"picked":"SKIP","floor":11},{"not_picked":["Dagger Throw","Outmaneuver"],"picked":"Leg Sweep","floor":12},{"not_picked":["Crippling Poison","Quick Slash","Concentrate"],"picked":"SKIP","floor":14},{"not_picked":["Adrenaline","Malaise"],"picked":"Glass Knife","floor":16},{"not_picked":["Poisoned Stab","Terror","Deflect"],"picked":"SKIP","floor":18},{"not_picked":["Dagger Throw","Deadly Poison"],"picked":"Blade Dance","floor":21},{"not_picked":["Predator","A Thousand Cuts"],"picked":"Dagger Spray+1","floor":24}],"player_experience":7127275,"relics_obtained":[{"floor":6,"key":"HornCleat"},{"floor":9,"key":"Shuriken"},{"floor":11,"key":"Peace Pipe"},{"floor":17,"key":"War Paint"},{"floor":17,"key":"Matryoshka"},{"floor":17,"key":"StoneCalendar"},{"floor":24,"key":"Art of War"},{"floor":26,"key":"Question Card"},{"floor":26,"key":"Happy Flower"}],"event_choices":[{"damage_healed":0,"gold_gain":0,"player_choice":"Forge","damage_taken":0,"max_hp_gain":0,"max_hp_loss":0,"event_name":"Accursed Blacksmith","floor":3,"gold_loss":0,"cards_upgraded":["Quick Slash"]},{"damage_healed":0,"gold_gain":0,"player_choice":"Got Potions","damage_taken":0,"max_hp_gain":0,"max_hp_loss":0,"event_name":"Lab","floor":19,"gold_loss":0},{"damage_healed":0,"gold_gain":0,"player_choice":"Ignored","damage_taken":0,"max_hp_gain":0,"max_hp_loss":0,"event_name":"Ghosts","floor":22,"gold_loss":0}],"is_beta":false,"boss_relics":[{"not_picked":["Sozu","Busted Crown"],"picked":"Calling Bell"}],"items_purged_floors":[20],"is_endless":false,"potions_floor_spawned":[1,5,6,11,12,16],"killed_by":"Shelled Parasite and Fungi","ascension_level":20,"potion_discard_per_floor":[[],[],[],[],[],[],[],[],[],[],[],["BlessingOfTheForge"],[],[],[],[],[],[],[],[],[],[],[],[],[],[],[]]}