{"neow_bonuses_skipped_log":["TEN_PERCENT_HP_BONUS","ONE_RARE_RELIC","BOSS_RELIC"],"neow_costs_skipped_log":["NONE","CURSE","NONE"],"gold_per_floor":[117,127,144,94,114,114,144,144,223,105,136,149,149,160,160,238,238,252,262,262,262,282,282,309,309,309,309,4,17,34,61,61,138,138,158,158,174,185,185,211,211,211,235,270,270,270,270,286,286,286,286,286,286,40,67,67],"floor_reached":57,"playtime":4181,"items_purged":["Strike_G","Blade Dance"],"score":2770,"play_id":"e26b0cd8-27da-4958-a1c3-4ae620ebf57c","local_time":"20220601143233","falling_options_log":["Dodge and Roll+1","Noxious Fumes+1"],"is_ascension_mode":true,"campfire_choices":[{"data":"Bouncing Flask","floor":6,"key":"SMITH"},{"data":"Dagger Spray","floor":8,"key":"SMITH"},{"floor":13,"key":"REST"},{"data":"Deadly Poison","floor":15,"key":"SMITH"},{"data":"Venomology","floor":23,"key":"SMITH"},{"data":"Burst","floor":25,"key":"SMITH"},{"data":"Noxious Fumes","floor":27,"key":"SMITH"},{"data":"Footwork","floor":32,"key":"SMITH"},{"floor":41,"key":"REST"},{"floor":47,"key":"RECALL"},{"floor":49,"key":"REST"},{"floor":53,"key":"REST"}],"neow_cost":"NONE","seed_source_timestamp":1574001616511800,"shop_contents":[{"floor":10,"relics":["Shuriken","Molten Egg 2","Strange Spoon"],"cards":["Dash","Flechettes","Setup","Reflex","Dramatic Entrance","Chrysalis"],"potions":["Dexterity Potion","GhostInAJar","EntropicBrew"]},{"floor":28,"relics":["Akabeko","Meat on the Bone","DollysMirror"],"cards":["Die Die Die","Sucker Punch","Deflect+1","Secret Technique+1"],"potions":["Regen Potion","SmokeBomb","Fire Potion"]},{"floor":54,"relics":["Bird Faced Urn","Chemical X"],"cards":["Bane","Endless Agony","Cloak And Dagger+1","Terror+1","Jack Of All Trades+1","Mayhem"],"potions":["Energy Potion","DuplicationPotion","Dexterity Potion"]}],"circlet_count":0,"master_deck":["AscendersBane","Defend_G","Defend_G","Defend_G","Defend_G","Survivor","Neutralize+1","Dagger Spray+1","Bouncing Flask+1","Burst+1","Noxious Fumes+1","Deadly Poison+1","Venomology+1","Deflect+1","Flying Knee+1","Blur+1","Dash","Poisoned Stab","Dodge and Roll+1","Footwork+1","Dark Shackles+1","Acrobatics+1","Reflex+1","Burst+1","PiercingWail+1","Prepared+1","Backflip+1","Prepared+1","Bandage Up+1","Master of Strategy+1","Panache","Reflex+1","Wraith Form v2","Doppelganger+1"],"potion_use_per_floor":[[],[],[],[],[],[],[],[],[],[],[],[],[],[],[],[],[],["Weak Potion"],[],[],[],["Explosive Potion"],[],["Poison Potion"],[],[],[],[],["Fire Potion"],["SkillPotion"],["CunningPotion"],[],["Explosive Potion","PowerPotion"],[],["SteroidPotion"],[],["SpeedPotion"],["Swift Potion"],[],["DistilledChaos"],[],[],[],["CunningPotion"],[],[],[],[],[],["Swift Potion","Explosive Potion"],[],[],[],[],["PowerPotion","BlessingOfTheForge"],["Weak Potion","DuplicationPotion","Strength Potion","Swift Potion"],[]],"relics":["Ring of the Snake","Gambling Chip","Anchor","HornCleat","Snake Skull","Astrolabe","Bag of Preparation","Toxic Egg 2","Omamori","Fusion Hammer","Mercury Hourglass","Potion Belt","Art of War","FossilizedHelix"],"potions_floor_usage":[18,22,24,29,30,31,33,33,35,37,38,40,44,50,50,55,55,56,56,56,56],"damage_taken":[{"damage":7,"enemies":"2 Louse","floor":1,"turns":3},{"damage":0,"enemies":"Cultist","floor":2,"turns":4},{"damage":0,"enemies":"Small Slimes","floor":3,"turns":3},{"damage":10,"enemies":"3 Louse","floor":5,"turns":4},{"damage":23,"enemies":"Gremlin Nob","floor":7,"turns":4},{"damage":11,"enemies":"Lagavulin","floor":11,"turns":4},{"damage":0,"enemies":"Looter","floor":12,"turns":2},{"damage":0,"enemies":"Exordium Thugs","floor":14,"turns":3},{"damage":1,"enemies":"Hexaghost","floor":16,"turns":7},{"damage":0,"enemies":"Spheric Guardian","floor":18,"turns":3},{"damage":0,"enemies":"3 Byrds","floor":19,"turns":4},{"damage":0,"enemies":"Shelled Parasite and Fungi","floor":22,"turns":5},{"damage":2,"enemies":"Book of Stabbing","floor":24,"turns":4},{"damage":0,"enemies":"Centurion and Healer","floor":29,"turns":5},{"damage":0,"enemies":"Snecko","floor":30,"turns":3},{"damage":11,"enemies":"Slavers","floor":31,"turns":5},{"damage":13,"enemies":"Collector","floor":33,"turns":8},{"damage":0,"enemies":"3 Darklings","floor":35,"turns":5},{"damage":0,"enemies":"3 Shapes","floor":37,"turns":6},{"damage":0,"enemies":"Transient","floor":38,"turns":6},{"damage":49,"enemies":"Nemesis","floor":40,"turns":9},{"damage":0,"enemies":"Giant Head","floor":44,"turns":9},{"damage":0,"enemies":"4 Shapes","floor":48,"turns":3},{"damage":14,"enemies":"Awakened One","floor":50,"turns":16},{"damage":12,"enemies":"Donu and Deca","floor":51,"turns":9},{"damage":0,"enemies":"Shield and Spear","floor":55,"turns":7},{"damage":58,"enemies":"The Heart","floor":56,"turns":8}],"seed_played":"-3741231555831921083","neow_bonus_log":{"cardsObtained":[],"cardsUpgraded":["Neutralize"],"cardsRemoved":[],"cardsTransformed":[],"relicsObtained":[],"maxHpGained":0,"goldGained":0,"damageTaken":0,"goldLost":0,"maxHpLost":0},"potions_obtained":[{"floor":2,"key":"Weak Potion"},{"floor":7,"key":"Explosive Potion"},{"floor":31,"key":"Explosive Potion"},{"floor":33,"key":"SteroidPotion"},{"floor":40,"key":"CunningPotion"},{"floor":44,"key":"Block Potion"},{"floor":48,"key":"Ancient Potion"},{"floor":55,"key":"Weak Potion"}],"is_trial":false,"path_per_floor":["M","M","M","?","M","R","E","R","T","$","E","M","R","M","R","B",null,"M","M","?","?","M","R","E","R","T","R","$","M","M","E","R","B",null,"M","?","M","M","?","E","R","?","T","E","?","?","R","M","R","B","B",null,"R","$","E","B",null],"character_chosen":"THE_SILENT","items_purchased":["Noxious Fumes","Dodge and Roll+1","Footwork","Dark Shackles+1","Art of War","Wraith Form v2"],"campfire_rested":4,"item_purchase_floors":[10,28,28,28,54,54],"current_hp_per_floor":[52,52,52,52,42,42,19,19,19,19,8,8,27,27,27,26,56,56,56,56,56,56,56,54,54,54,54,54,54,54,43,43,30,57,57,57,57,57,66,17,36,36,36,36,26,26,26,32,51,49,49,62,66,66,66,20],"gold":67,"neow_bonus":"UPGRADE_CARD","is_prod":false,"is_daily":false,"rewards_skipped":[{"floor":12,"relics":[],"potions":["LiquidBronze"]},{"floor":14,"relics":[],"potions":["Ancient Potion"]},{"floor":22,"relics":[],"potions":["Regen Potion"]},{"floor":24,"relics":[],"potions":["SpeedPotion"]},{"floor":29,"relics":[],"potions":["Weak Potion"]}],"chose_seed":false,"campfire_upgraded":7,"win_rate":0,"floor_exit_playtime":[76,131,187,205,278,287,383,390,419,486,569,645,649,704,718,843,989,1043,1119,1127,1154,1272,1286,1414,1422,1431,1447,1524,1625,1685,1839,1846,2017,2071,2175,2193,2281,2388,2411,2547,2550,2558,2561,2742,2806,2824,2829,2914,2936,3283,3481,3497,3502,3566,3838,4181],"timestamp":1654108353,"blue_key_relic_skipped_log":{"floor":43,"relicID":"Orichalcum"},"path_taken":["M","M","M","?","M","R","E","R","T","$","E","?","R","M","R","BOSS","M","M","?","?","M","R","E","R","T","R","$","M","M","E","R","BOSS","M","?","M","M","?","E","R","?","T","E","?","?","R","?","R","BOSS","BOSS","R","$","E","BOSS"],"build_version":"2022-03-07","purchased_purges":2,"victory":true,"max_hp_per_floor":[66,66,66,66,66,66,66,66,66,66,66,66,66,66,66,66,66,66,66,66,66,66,66,66,66,66,66,66,66,66,66,66,66,66,66,66,66,66,66,66,66,66,66,66,66,66,66,66,66,66,66,66,66,66,66,66],"relic_stats":{"counters":[27,149],"Gambling Chip":[108],"Astrolabe":["Deflect","Flying Knee","Blur"],"Snake Skull":[356],"Bag of Preparation":[28],"Omamori":1,"Art of War":[4],"obtain_stats":[{"Potion Belt":44,"Astrolabe":17,"Snake Skull":11,"Bag of Preparation":24,"Omamori":31,"Mercury Hourglass":40,"Anchor":7,"HornCleat":9,"Gambling Chip":4,"Fusion Hammer":34,"Art of War":54,"Toxic Egg 2":26,"FossilizedHelix":55,"Ring of the Snake":0},{"Potion Belt":22,"Astrolabe":9,"Snake Skull":6,"Bag of Preparation":13,"Omamori":16,"Mercury Hourglass":21,"Anchor":5,"HornCleat":5,"Gambling Chip":3,"Fusion Hammer":17,"Art of War":25,"Toxic Egg 2":13,"FossilizedHelix":26,"Ring of the Snake":0},{"Potion Belt":106,"Astrolabe":34,"Snake Skull":22,"Bag of Preparation":50,"Omamori":63,"Mercury Hourglass":97,"Anchor":18,"HornCleat":18,"Gambling Chip":10,"Fusion Hammer":71,"Art of War":134,"Toxic Egg 2":50,"FossilizedHelix":141,"Ring of the Snake":0}],"FossilizedHelix":[43],"Ring of the Snake":[54],"Mercury Hourglass":[188]},"card_choices":[{"not_picked":["Sucker Punch","Riddle With Holes"],"picked":"Blade Dance","floor":1},{"not_picked":["Backstab","Catalyst"],"picked":"Dash","floor":2},{"not_picked":["Flying Knee","Quick Slash"],"picked":"Dagger Spray","floor":3},{"not_picked":["Underhanded Strike","Well Laid Plans"],"picked":"Bouncing Flask","floor":5},{"not_picked":["Underhanded Strike","Sucker Punch"],"picked":"Burst","floor":7},{"not_picked":["Blur","Choke"],"picked":"Deadly Poison","floor":11},{"not_picked":["Backstab","Predator","Blade Dance"],"picked":"SKIP","floor":14},{"not_picked":["Unload","Night Terror"],"picked":"Venomology","floor":16},{"not_picked":["Blade Dance","Accuracy+1","Quick Slash"],"picked":"SKIP","floor":18},{"not_picked":["Slice","Riddle With Holes","Cloak And Dagger"],"picked":"SKIP","floor":22},{"not_picked":["Slice","Dagger Throw+1","Finisher"],"picked":"SKIP","floor":24},{"not_picked":["Noxious Fumes","Dodge and Roll+1"],"picked":"Acrobatics+1","floor":29},{"not_picked":["Underhanded Strike","Deflect+1"],"picked":"Reflex+1","floor":30},{"not_picked":["Infinite Blades","Dagger Spray","Heel Hook"],"picked":"SKIP","floor":31},{"not_picked":["Phantasmal Killer+1","Die Die Die"],"picked":"Burst+1","floor":33},{"not_picked":["Slice","Sucker Punch"],"picked":"PiercingWail+1","floor":35},{"not_picked":["Flying Knee","Accuracy"],"picked":"Prepared+1","floor":37},{"not_picked":["Setup+1","Terror+1","Finisher"],"picked":"SKIP","floor":38},{"not_picked":["Poisoned Stab+1","Masterful Stab+1"],"picked":"Backflip+1","floor":40},{"not_picked":["Heel Hook","Cloak And Dagger+1"],"picked":"Prepared+1","floor":44},{"not_picked":["Flash of Steel","Discovery+1"],"picked":"Bandage Up+1","floor":45},{"not_picked":["Dramatic Entrance","Deep Breath+1"],"picked":"Master of Strategy+1","floor":45},{"not_picked":["Mind Blast","Dark Shackles+1"],"picked":"Panache","floor":45},{"not_picked":["Underhanded Strike+1","Quick Slash","Finisher"],"picked":"SKIP","floor":48},{"not_picked":["Backflip+1","Expertise+1"],"picked":"Doppelganger+1","floor":55}],"player_experience":7048161,"relics_obtained":[{"floor":7,"key":"Anchor"},{"floor":9,"key":"HornCleat"},{"floor":11,"key":"Snake Skull"},{"floor":24,"key":"Bag of Preparation"},{"floor":26,"key":"Toxic Egg 2"},{"floor":31,"key":"Omamori"},{"floor":40,"key":"Mercury Hourglass"},{"floor":44,"key":"Potion Belt"},{"floor":55,"key":"FossilizedHelix"}],"event_choices":[{"damage_healed":0,"gold_gain":0,"player_choice":"Paid Gold","damage_taken":0,"relics_obtained":["Gambling Chip"],"max_hp_gain":0,"max_hp_loss":0,"event_name":"WeMeetAgain","floor":4,"gold_loss":50},{"damage_healed":0,"gold_gain":0,"player_choice":"Ignored","damage_taken":0,"max_hp_gain":0,"max_hp_loss":0,"event_name":"Ghosts","floor":20,"gold_loss":0},{"damage_healed":0,"gold_gain":0,"cards_transformed":["Strike_G","Defend_G"],"player_choice":"Became Test Subject","damage_taken":0,"max_hp_gain":0,"max_hp_loss":0,"event_name":"Drug Dealer","floor":21,"gold_loss":0,"cards_obtained":["Dash","Poisoned Stab"]},{"cards_removed":["Dash"],"damage_healed":0,"gold_gain":0,"player_choice":"Removed Attack","damage_taken":0,"max_hp_gain":0,"max_hp_loss":0,"event_name":"Falling","floor":36,"gold_loss":0},{"damage_healed":13,"gold_gain":0,"player_choice":"Writhe","damage_taken":0,"max_hp_gain":0,"max_hp_loss":0,"event_name":"Winding Halls","floor":39,"gold_loss":0,"cards_obtained":["Writhe"]},{"damage_healed":0,"gold_gain":0,"player_choice":"Ignored","damage_taken":0,"max_hp_gain":0,"max_hp_loss":0,"event_name":"Mysterious Sphere","floor":42,"gold_loss":0},{"damage_healed":0,"gold_gain":0,"player_choice":"Memory 3","damage_taken":10,"max_hp_gain":0,"max_hp_loss":0,"event_name":"SensoryStone","floor":45,"gold_loss":0},{"damage_healed":0,"gold_gain":0,"player_choice":"Copied","damage_taken":0,"max_hp_gain":0,"max_hp_loss":0,"event_name":"Duplicator","floor":46,"gold_loss":0,"cards_obtained":["Reflex"]}],"is_beta":false,"boss_relics":[{"not_picked":["WristBlade","Runic Dome"],"picked":"Astrolabe"},{"not_picked":["SlaversCollar","Busted Crown"],"picked":"Fusion Hammer"}],"items_purged_floors":[10,28],"is_endless":false,"potions_floor_spawned":[2,7,12,14,22,24,29,31,33,40,44,48,55],"ascension_level":20,"potion_discard_per_floor":[[],[],[],[],[],[],[],[],[],[],[],[],[],[],[],[],[],[],[],[],[],[],[],[],[],[],[],[],[],[],["SteroidPotion"],[],[],[],[],[],[],[],[],["Strength Potion"],[],[],[],[],[],[],[],["Block Potion"],[],[],[],[],[],[],[],[],[]]}