{"neow_bonuses_skipped_log":["THREE_SMALL_POTIONS","TWO_FIFTY_GOLD","BOSS_RELIC"],"neow_costs_skipped_log":["NONE","CURSE","NONE"],"gold_per_floor":[113,128,128,144,164,164,176,176,200,217,248,17,32,42,42,116,116,127,402,161,176,190,190,215,215,215,244,244,181,231,60,60,137,137,149,45,45,45,59,91,91,119,119,131,143,154,83,116,116,116,116,116,116,7,32,32],"floor_reached":57,"playtime":6361,"items_purged":["Strike_G","Regret","Strike_G","Defend_G"],"score":3164,"play_id":"553ac303-dc19-4bac-94b8-de54333dc415","local_time":"20220610135818","is_ascension_mode":true,"campfire_choices":[{"data":"Skewer","floor":6,"key":"SMITH"},{"data":"Dagger Spray","floor":8,"key":"SMITH"},{"data":"Cloak And Dagger","floor":15,"key":"SMITH"},{"data":"After Image","floor":23,"key":"SMITH"},{"data":"Skewer","floor":25,"key":"SMITH"},{"data":"Burst","floor":28,"key":"SMITH"},{"data":"Well Laid Plans","floor":32,"key":"SMITH"},{"data":"Doppelganger","floor":41,"key":"SMITH"},{"floor":49,"key":"RECALL"},{"data":"Bouncing Flask","floor":53,"key":"SMITH"}],"neow_cost":"NONE","seed_source_timestamp":2347361373915600,"shop_contents":[{"floor":12,"relics":["StrikeDummy","Pocketwatch"],"cards":["Heel Hook","Bane","Blur","Dodge and Roll","Infinite Blades","Swift Strike","Secret Technique"],"potions":["Energy Potion","Poison Potion"]},{"floor":20,"relics":["Unceasing Top"],"cards":["Flying Knee","Glass Knife","Dodge and Roll","Accuracy","Good Instincts","Secret Technique"],"potions":["ColorlessPotion","Ancient Potion","Strength Potion"]},{"floor":29,"relics":["Torii","MealTicket","Lee\u0027s Waffle"],"cards":["Skewer","Bane","Deflect","Dodge and Roll","Caltrops","Enlightenment","Panache"],"potions":["AttackPotion","SteroidPotion","Fire Potion"]},{"floor":31,"relics":["Oddly Smooth Stone","PrismaticShard"],"cards":["Flying Knee","Quick Slash","Prepared","Dodge and Roll","Forethought","Violence"],"potions":["BlessingOfTheForge","Block Potion","Regen Potion"]},{"floor":36,"relics":["Toy Ornithopter","Regal Pillow","Sling"],"cards":["Skewer","Finisher","Outmaneuver","Accuracy","Jack Of All Trades","Metamorphosis"],"potions":["LiquidBronze","SteroidPotion","ColorlessPotion"]},{"floor":47,"relics":["Turnip","Boot","Frozen Eye"],"cards":["Quick Slash","Riddle With Holes","Cloak And Dagger","Deep Breath","Apotheosis"],"potions":["SteroidPotion","DistilledChaos","BlessingOfTheForge"]},{"floor":54,"relics":["StoneCalendar","Strange Spoon"],"cards":["Dagger Throw","Poisoned Stab","Acrobatics","Caltrops+1","Madness","Panache+1"],"potions":["SteroidPotion","Fire Potion","Fire Potion"]}],"circlet_count":0,"master_deck":["AscendersBane","Defend_G","Defend_G","Defend_G","Defend_G+1","Survivor+1","Neutralize+1","Skewer+1","Dagger Throw","Dagger Spray+1","PiercingWail","After Image+1","Cloak And Dagger+1","Well Laid Plans+1","Adrenaline","Masterful Stab+1","Endless Agony+1","Wraith Form v2+1","Bouncing Flask+1","Crippling Poison","Skewer+1","Burst+1","Envenom+1","Doppelganger+1","Catalyst+1","Backflip","Flechettes","Calculated Gamble","Blade Dance","Footwork+1","PiercingWail"],"potion_use_per_floor":[[],[],[],[],[],[],[],[],[],[],["SpeedPotion"],[],[],[],[],["Dexterity Potion"],[],[],[],[],["Ancient Potion"],[],[],["DuplicationPotion"],[],[],[],[],[],[],[],[],[],[],[],[],[],[],[],[],[],[],[],[],[],[],[],[],[],[],[],[],[],[],[],["DuplicationPotion"],[]],"relics":["Ring of the Snake","Nunchaku","Bag of Preparation","Membership Card","Astrolabe","Snake Skull","Chemical X","Sundial","Pantograph","Kunai","War Paint","HoveringKite","Dead Branch","Bird Faced Urn","Frozen Egg 2","Tough Bandages","Anchor","Art of War"],"potions_floor_usage":[11,16,21,24,56],"damage_taken":[{"damage":0,"enemies":"Small Slimes","floor":1,"turns":4},{"damage":0,"enemies":"Cultist","floor":2,"turns":3},{"damage":1,"enemies":"2 Louse","floor":4,"turns":3},{"damage":11,"enemies":"Exordium Thugs","floor":5,"turns":8},{"damage":1,"enemies":"Large Slime","floor":7,"turns":5},{"damage":0,"enemies":"Exordium Wildlife","floor":10,"turns":3},{"damage":24,"enemies":"Lagavulin","floor":11,"turns":10},{"damage":1,"enemies":"Blue Slaver","floor":13,"turns":3},{"damage":9,"enemies":"Gremlin Gang","floor":14,"turns":4},{"damage":8,"enemies":"The Guardian","floor":16,"turns":16},{"damage":0,"enemies":"Chosen","floor":18,"turns":4},{"damage":0,"enemies":"Shell Parasite","floor":21,"turns":4},{"damage":0,"enemies":"Centurion and Healer","floor":22,"turns":8},{"damage":0,"enemies":"Slavers","floor":24,"turns":7},{"damage":0,"enemies":"Gremlin Leader","floor":27,"turns":4},{"damage":0,"enemies":"Collector","floor":33,"turns":8},{"damage":0,"enemies":"3 Shapes","floor":35,"turns":5},{"damage":0,"enemies":"Orb Walker","floor":39,"turns":4},{"damage":9,"enemies":"Nemesis","floor":40,"turns":7},{"damage":0,"enemies":"Giant Head","floor":42,"turns":4},{"damage":0,"enemies":"Maw","floor":44,"turns":2},{"damage":0,"enemies":"3 Darklings","floor":45,"turns":4},{"damage":0,"enemies":"Transient","floor":46,"turns":5},{"damage":0,"enemies":"Nemesis","floor":48,"turns":3},{"damage":13,"enemies":"Donu and Deca","floor":50,"turns":8},{"damage":21,"enemies":"Awakened One","floor":51,"turns":10},{"damage":0,"enemies":"Shield and Spear","floor":55,"turns":6},{"damage":0,"enemies":"The Heart","floor":56,"turns":6}],"seed_played":"-7788059988856799644","neow_bonus_log":{"cardsObtained":[],"cardsUpgraded":["Neutralize"],"cardsRemoved":[],"cardsTransformed":[],"relicsObtained":[],"maxHpGained":0,"goldGained":0,"damageTaken":0,"goldLost":0,"maxHpLost":0},"potions_obtained":[{"floor":2,"key":"LiquidBronze"},{"floor":4,"key":"SpeedPotion"},{"floor":13,"key":"Dexterity Potion"},{"floor":14,"key":"DuplicationPotion"},{"floor":16,"key":"Ancient Potion"},{"floor":22,"key":"LiquidBronze"},{"floor":27,"key":"Weak Potion"},{"floor":33,"key":"ColorlessPotion"},{"floor":40,"key":"LiquidMemories"},{"floor":44,"key":"DuplicationPotion"}],"is_trial":false,"path_per_floor":["M","M","?","M","M","R","M","R","T","M","E","$","M","M","R","B",null,"M","?","$","M","M","R","E","R","T","E","R","$","?","$","R","B",null,"M","$","?","?","M","E","R","E","T","M","M","M","$","E","R","B","B",null,"R","$","E","B",null],"character_chosen":"THE_SILENT","items_purchased":["Membership Card","Dexterity Potion","Snake Skull","Chemical X","Crippling Poison","Envenom","War Paint","Backflip","Blade Dance","Footwork+1","PiercingWail","Anchor"],"campfire_rested":0,"item_purchase_floors":[12,12,20,20,20,31,31,36,47,47,54,54],"current_hp_per_floor":[59,59,59,58,47,47,46,46,46,46,22,22,21,12,12,4,51,51,51,51,51,51,51,51,51,51,51,51,51,51,51,51,66,66,66,66,63,63,63,54,54,54,54,62,63,63,63,63,63,56,50,60,60,60,63,63],"gold":32,"neow_bonus":"UPGRADE_CARD","is_prod":false,"is_daily":false,"rewards_skipped":[{"floor":48,"relics":[],"potions":["Regen Potion"]},{"floor":55,"relics":[],"potions":["Explosive Potion"]}],"chose_seed":false,"campfire_upgraded":9,"win_rate":0,"floor_exit_playtime":[335,452,493,570,734,757,938,977,1000,1070,1302,1371,1456,1599,1636,2012,2296,2385,2407,2582,2681,2876,2898,3125,3134,3142,3273,3280,3362,3368,3486,3493,3765,3911,4019,4075,4080,4098,4159,4373,4385,4524,4533,4618,4757,4932,4994,5090,5098,5393,5720,5794,5803,5877,6104,6361],"timestamp":1654883898,"blue_key_relic_skipped_log":{"floor":9,"relicID":"MawBank"},"path_taken":["M","M","?","M","M","R","?","R","T","M","E","$","?","M","R","BOSS","M","?","$","M","M","R","E","R","T","E","R","?","?","$","R","BOSS","M","$","?","?","M","E","R","E","T","?","?","M","?","E","R","BOSS","BOSS","R","$","E","BOSS"],"build_version":"2022-03-07","purchased_purges":4,"victory":true,"max_hp_per_floor":[66,66,66,66,66,66,66,66,66,66,66,66,66,66,66,66,66,66,66,66,66,66,66,66,66,66,66,66,66,66,66,66,66,66,66,66,63,63,63,63,63,63,63,63,63,63,63,63,63,63,63,63,63,63,63,63],"relic_stats":{"counters":[28,158],"Astrolabe":["Masterful Stab","Endless Agony","Wraith Form v2"],"Dead Branch":[111],"HoveringKite":[28],"Snake Skull":[365],"Bag of Preparation":[45],"War Paint":["Defend_G","Survivor"],"Nunchaku":[35],"Tough Bandages":[102],"Sundial":[10],"Pantograph":22,"Bird Faced Urn":[26],"Art of War":[1],"Membership Card":813,"Chemical X":[61],"Kunai":[44],"obtain_stats":[{"Astrolabe":17,"Dead Branch":40,"HoveringKite":34,"Snake Skull":20,"Bag of Preparation":11,"War Paint":31,"Frozen Egg 2":43,"Nunchaku":3,"Tough Bandages":48,"Anchor":54,"Sundial":24,"Pantograph":26,"Bird Faced Urn":42,"Art of War":55,"Membership Card":12,"Chemical X":20,"Kunai":27,"Ring of the Snake":0},{"Astrolabe":10,"Dead Branch":19,"HoveringKite":16,"Snake Skull":11,"Bag of Preparation":7,"War Paint":15,"Frozen Egg 2":20,"Nunchaku":2,"Tough Bandages":24,"Anchor":26,"Sundial":14,"Pantograph":14,"Bird Faced Urn":20,"Art of War":27,"Membership Card":7,"Chemical X":11,"Kunai":15,"Ring of the Snake":0},{"Astrolabe":59,"Dead Branch":110,"HoveringKite":94,"Snake Skull":63,"Bag of Preparation":36,"War Paint":86,"Frozen Egg 2":114,"Nunchaku":7,"Tough Bandages":128,"Anchor":146,"Sundial":82,"Pantograph":82,"Bird Faced Urn":114,"Art of War":152,"Membership Card":36,"Chemical X":63,"Kunai":86,"Ring of the Snake":0}],"Ring of the Snake":[57]},"card_choices":[{"not_picked":["Poisoned Stab","Quick Slash"],"picked":"Skewer","floor":1},{"not_picked":["Sucker Punch","Outmaneuver"],"picked":"Dagger Throw","floor":2},{"not_picked":["Bane","Deflect","Cloak And Dagger"],"picked":"SKIP","floor":4},{"not_picked":["Dodge and Roll","Deflect"],"picked":"Dagger Spray","floor":5},{"not_picked":["Blade Dance","Flying Knee"],"picked":"PiercingWail","floor":7},{"not_picked":["Setup","Deadly Poison"],"picked":"After Image","floor":10},{"not_picked":["Eviscerate","Riddle With Holes"],"picked":"Cloak And Dagger","floor":11},{"not_picked":["Blur","Masterful Stab"],"picked":"Well Laid Plans","floor":13},{"not_picked":["Sucker Punch","Prepared","Flying Knee"],"picked":"SKIP","floor":14},{"not_picked":["Storm of Steel","Unload"],"picked":"Adrenaline","floor":16},{"not_picked":["Deflect","PiercingWail"],"picked":"Bouncing Flask","floor":18},{"not_picked":["Flying Knee","Endless Agony","Quick Slash"],"picked":"SKIP","floor":21},{"not_picked":["Cloak And Dagger","Deadly Poison","Dagger Spray"],"picked":"SKIP","floor":22},{"not_picked":["Flying Knee","Storm of Steel"],"picked":"Skewer","floor":24},{"not_picked":["Quick Slash+1","Choke+1"],"picked":"Burst","floor":27},{"not_picked":["Burst","Venomology"],"picked":"Doppelganger","floor":33},{"not_picked":["Deadly Poison","Dodge and Roll"],"picked":"Catalyst+1","floor":35},{"not_picked":["Riddle With Holes","Noxious Fumes","Masterful Stab+1"],"picked":"SKIP","floor":39},{"not_picked":["Eviscerate","Footwork","Leg Sweep"],"picked":"SKIP","floor":40},{"not_picked":["Eviscerate","Footwork","Leg Sweep"],"picked":"SKIP","floor":40},{"not_picked":["Underhanded Strike","Accuracy","Heel Hook"],"picked":"SKIP","floor":42},{"not_picked":["Leg Sweep","Flying Knee","Skewer"],"picked":"SKIP","floor":44},{"not_picked":["Finisher","Envenom+1"],"picked":"Flechettes","floor":45},{"not_picked":["Dagger Spray","Terror"],"picked":"Calculated Gamble","floor":46},{"not_picked":["Outmaneuver","Sucker Punch","Distraction"],"picked":"SKIP","floor":48},{"not_picked":["Outmaneuver","Sucker Punch","Distraction"],"picked":"SKIP","floor":48},{"not_picked":["Cloak And Dagger","Blade Dance+1","Deadly Poison"],"picked":"SKIP","floor":55}],"player_experience":7150715,"relics_obtained":[{"floor":11,"key":"Bag of Preparation"},{"floor":24,"key":"Sundial"},{"floor":26,"key":"Pantograph"},{"floor":27,"key":"Kunai"},{"floor":40,"key":"Dead Branch"},{"floor":42,"key":"Bird Faced Urn"},{"floor":43,"key":"Frozen Egg 2"},{"floor":48,"key":"Tough Bandages"},{"floor":55,"key":"Art of War"}],"event_choices":[{"damage_healed":0,"gold_gain":0,"player_choice":"Gave Potion","damage_taken":0,"relics_obtained":["Nunchaku"],"max_hp_gain":0,"max_hp_loss":0,"event_name":"WeMeetAgain","floor":3,"gold_loss":0},{"damage_healed":0,"gold_gain":275,"player_choice":"Desecrate","damage_taken":0,"max_hp_gain":0,"max_hp_loss":0,"event_name":"Golden Shrine","floor":19,"gold_loss":0,"cards_obtained":["Regret"]},{"damage_healed":0,"gold_gain":50,"player_choice":"Stole From Cult","damage_taken":0,"max_hp_gain":0,"max_hp_loss":0,"event_name":"Nest","floor":30,"gold_loss":0},{"damage_healed":0,"gold_gain":0,"player_choice":"Max HP","damage_taken":0,"max_hp_gain":0,"max_hp_loss":3,"event_name":"Winding Halls","floor":37,"gold_loss":0},{"damage_healed":0,"gold_gain":0,"player_choice":"Forge","damage_taken":0,"max_hp_gain":0,"max_hp_loss":0,"event_name":"Accursed Blacksmith","floor":38,"gold_loss":0,"cards_upgraded":["Envenom"]}],"is_beta":false,"boss_relics":[{"not_picked":["Cursed Key","Velvet Choker"],"picked":"Astrolabe"},{"not_picked":["Pandora\u0027s Box","Runic Pyramid"],"picked":"HoveringKite"}],"items_purged_floors":[12,20,29,36],"is_endless":false,"potions_floor_spawned":[2,4,13,14,16,22,27,33,40,44,48,55],"ascension_level":20,"potion_discard_per_floor":[[],[],[],[],[],[],[],[],[],[],[],[],[],["Dexterity Potion"],[],[],[],[],[],[],[],[],[],[],[],[],[],[],[],[],[],[],["Weak Potion"],[],[],[],[],[],[],["LiquidBronze"],[],[],[],["ColorlessPotion"],[],[],[],[],[],[],[],[],[],[],[],[],[]]}