{"gold_per_floor":[118,193,193,16,34,34,51,51,78,103,103,123,157,171,171,247,247,260,185,185,10,23,23,52,52,52,81,97,22,57,67,67,145,145,162,179,179,191,66,66,92,92,116,128,175,203,235,277,289,301,313,325,337,4,38,38],"floor_reached":57,"playtime":7415,"items_purged":["Strike_G","Strike_G","Strike_G"],"score":2866,"play_id":"3dbf1da7-6f98-4b62-bdeb-cb27cdf97794","local_time":"20220612013800","is_ascension_mode":true,"campfire_choices":[{"data":"Blade Dance","floor":6,"key":"SMITH"},{"data":"Noxious Fumes","floor":8,"key":"SMITH"},{"data":"Poisoned Stab","floor":11,"key":"SMITH"},{"data":"Deadly Poison","floor":15,"key":"SMITH"},{"data":"Glass Knife","floor":23,"key":"SMITH"},{"data":"Catalyst","floor":25,"key":"SMITH"},{"data":"Leg Sweep","floor":32,"key":"SMITH"},{"data":"Burst","floor":40,"key":"SMITH"},{"data":"Footwork","floor":42,"key":"SMITH"},{"floor":49,"key":"RECALL"},{"data":"Bouncing Flask","floor":53,"key":"SMITH"}],"neow_cost":"TEN_PERCENT_HP_LOSS","seed_source_timestamp":209202594496100,"shop_contents":[{"floor":4,"relics":["Centennial Puzzle","Happy Flower","OrangePellets"],"cards":["Slice","Predator","Crippling Poison","Trip","Sadistic Nature"],"potions":["SpeedPotion","LiquidMemories"]},{"floor":19,"relics":["Orichalcum","HornCleat","HandDrill"],"cards":["Flechettes","Sucker Punch","Backflip","PiercingWail","Noxious Fumes","Good Instincts","The Bomb"],"potions":["Explosive Potion","Weak Potion","SteroidPotion"]},{"floor":21,"relics":["Bird Faced Urn","Matryoshka","Membership Card"],"cards":["Slice","Skewer","Dodge and Roll","Well Laid Plans","Swift Strike","Apotheosis"],"potions":["Dexterity Potion","Dexterity Potion","Poison Potion"]},{"floor":39,"relics":["WingedGreaves","Dream Catcher","Sling"],"cards":["Finisher","Slice","Outmaneuver","Reflex","Caltrops","Forethought","HandOfGreed"],"potions":["ColorlessPotion","SteroidPotion","FearPotion"]},{"floor":54,"relics":["War Paint","InkBottle"],"cards":["Masterful Stab","Choke","Blade Dance","Corpse Explosion","Discovery","Panache"],"potions":["SneckoOil","SkillPotion","SpeedPotion"]}],"circlet_count":0,"master_deck":["AscendersBane","Strike_G","Defend_G","Defend_G","Defend_G","Defend_G","Defend_G","Survivor","Neutralize","Wraith Form v2+1","Blade Dance+1","Leg Sweep+1","Noxious Fumes+1","Poisoned Stab+1","Backflip","Deadly Poison+1","Glass Knife+1","Catalyst+1","PiercingWail","Dagger Spray+1","Burst+1","Footwork+1","Leg Sweep+1","Acrobatics","Bouncing Flask+1","Acrobatics+1","Wraith Form v2"],"potion_use_per_floor":[[],[],[],[],[],[],[],[],[],["Poison Potion"],[],[],["Explosive Potion"],[],[],[],[],[],[],[],[],["Block Potion"],[],["Swift Potion","Energy Potion"],[],[],[],[],[],["GamblersBrew"],[],[],[],[],["ColorlessPotion"],[],[],["Explosive Potion"],[],[],["Dexterity Potion"],[],[],[],[],[],[],[],[],["Swift Potion"],["SteroidPotion"],[],[],[],[],["Energy Potion","EntropicBrew","PowerPotion","AttackPotion"],[]],"relics":["Ring of the Snake","Potion Belt","Mummified Hand","Cursed Key","Omamori","Letter Opener","Incense Burner","Eternal Feather","Coffee Dripper","Toy Ornithopter","MawBank","Girya","FossilizedHelix","Frozen Eye","Bottled Tornado"],"potions_floor_usage":[10,13,22,24,24,30,35,38,41,50,51,56,56,56,56],"damage_taken":[{"damage":4,"enemies":"Cultist","floor":1,"turns":6},{"damage":4,"enemies":"Small Slimes","floor":5,"turns":4},{"damage":2,"enemies":"Jaw Worm","floor":7,"turns":5},{"damage":12,"enemies":"3 Sentries","floor":10,"turns":6},{"damage":0,"enemies":"2 Fungi Beasts","floor":12,"turns":3},{"damage":1,"enemies":"Lagavulin","floor":13,"turns":7},{"damage":0,"enemies":"Blue Slaver","floor":14,"turns":4},{"damage":3,"enemies":"The Guardian","floor":16,"turns":11},{"damage":0,"enemies":"2 Thieves","floor":18,"turns":4},{"damage":0,"enemies":"Shell Parasite","floor":22,"turns":5},{"damage":4,"enemies":"Book of Stabbing","floor":24,"turns":6},{"damage":0,"enemies":"Gremlin Leader","floor":27,"turns":6},{"damage":0,"enemies":"Centurion and Healer","floor":28,"turns":7},{"damage":13,"enemies":"Book of Stabbing","floor":30,"turns":4},{"damage":4,"enemies":"Cultist and Chosen","floor":31,"turns":5},{"damage":26,"enemies":"Collector","floor":33,"turns":9},{"damage":6,"enemies":"3 Darklings","floor":35,"turns":5},{"damage":3,"enemies":"3 Shapes","floor":36,"turns":4},{"damage":14,"enemies":"Writhing Mass","floor":38,"turns":8},{"damage":1,"enemies":"Reptomancer","floor":41,"turns":5},{"damage":9,"enemies":"Nemesis","floor":45,"turns":9},{"damage":0,"enemies":"Transient","floor":46,"turns":6},{"damage":5,"enemies":"Jaw Worm Horde","floor":47,"turns":5},{"damage":0,"enemies":"Reptomancer","floor":48,"turns":4},{"damage":19,"enemies":"Time Eater","floor":50,"turns":9},{"damage":26,"enemies":"Awakened One","floor":51,"turns":26},{"damage":3,"enemies":"Shield and Spear","floor":55,"turns":6},{"damage":30,"enemies":"The Heart","floor":56,"turns":9}],"seed_played":"-5331292449266775899","neow_bonus_log":{"cardsObtained":[],"cardsUpgraded":[],"cardsRemoved":[],"cardsTransformed":[],"relicsObtained":[],"maxHpGained":0,"goldGained":0,"damageTaken":0,"goldLost":0,"maxHpLost":6},"potions_obtained":[{"floor":5,"key":"Energy Potion"},{"floor":10,"key":"Explosive Potion"},{"floor":12,"key":"Energy Potion"},{"floor":13,"key":"EntropicBrew"},{"floor":14,"key":"ColorlessPotion"},{"floor":16,"key":"Block Potion"},{"floor":22,"key":"Swift Potion"},{"floor":24,"key":"GamblersBrew"},{"floor":28,"key":"ColorlessPotion"},{"floor":33,"key":"Dexterity Potion"},{"floor":36,"key":"Explosive Potion"},{"floor":45,"key":"SteroidPotion"},{"floor":48,"key":"Swift Potion"}],"is_trial":false,"path_per_floor":["M","?","?","$","M","R","M","R","T","E","R","M","E","M","R","B",null,"M","$","?","$","M","R","E","R","T","E","M","?","E","M","R","B",null,"M","M","?","M","$","R","E","R","T","?","E","M","M","E","R","B","B",null,"R","$","E","B",null],"character_chosen":"THE_SILENT","items_purchased":["Leg Sweep","Noxious Fumes","Poison Potion","Catalyst","Wraith Form v2","Frozen Eye"],"campfire_rested":0,"item_purchase_floors":[4,4,4,21,54,54],"current_hp_per_floor":[55,44,44,44,40,40,38,38,38,26,26,26,25,25,25,22,51,51,51,51,51,51,51,47,47,47,47,47,47,34,30,42,16,49,43,40,40,26,26,38,37,49,49,49,40,40,35,35,50,36,15,49,60,60,57,46],"gold":38,"neow_bonus":"THREE_RARE_CARDS","is_prod":false,"is_daily":false,"rewards_skipped":[],"chose_seed":false,"campfire_upgraded":10,"win_rate":0,"floor_exit_playtime":[258,304,407,631,690,714,824,831,835,1101,1111,1171,1508,1753,1760,2380,2426,2551,2706,2711,2760,2846,2860,3060,3086,3090,3292,3430,3449,3597,3675,3704,3937,3966,4100,4163,4180,4350,4380,4396,4605,4616,4621,4643,4796,4916,5054,5162,5167,5452,6440,6459,6471,6593,7051,7415],"timestamp":1655012280,"blue_key_relic_skipped_log":{"floor":9,"relicID":"Juzu Bracelet"},"path_taken":["M","?","?","?","M","R","M","R","T","E","R","M","E","M","R","BOSS","M","$","?","$","M","R","E","R","T","E","M","?","E","?","R","BOSS","M","M","?","M","$","R","E","R","T","?","E","M","M","E","R","BOSS","BOSS","R","$","E","BOSS"],"build_version":"2022-03-07","purchased_purges":3,"victory":true,"max_hp_per_floor":[60,60,60,60,60,60,60,60,60,60,60,60,60,60,60,60,60,60,60,60,60,60,60,60,60,60,60,60,60,60,60,60,60,60,60,60,60,60,60,60,60,60,60,60,60,60,60,60,60,60,60,60,60,60,60,60],"relic_stats":{"Girya":0,"counters":[28,188],"Eternal Feather":62,"Omamori":2,"Letter Opener":[573],"Bottled Tornado":"Noxious Fumes","Cursed Key":2,"MawBank":132,"Frozen Eye":70.59073,"Mummified Hand":[55],"obtain_stats":[{"Potion Belt":10,"Girya":45,"Eternal Feather":30,"Omamori":24,"Incense Burner":27,"Letter Opener":26,"Bottled Tornado":55,"Cursed Key":17,"MawBank":43,"Frozen Eye":54,"Mummified Hand":13,"Coffee Dripper":34,"Toy Ornithopter":41,"FossilizedHelix":48,"Ring of the Snake":0},{"Potion Belt":4,"Girya":21,"Eternal Feather":14,"Omamori":11,"Incense Burner":12,"Letter Opener":11,"Bottled Tornado":27,"Cursed Key":8,"MawBank":20,"Frozen Eye":26,"Mummified Hand":6,"Coffee Dripper":16,"Toy Ornithopter":20,"FossilizedHelix":24,"Ring of the Snake":0},{"Potion Belt":21,"Girya":123,"Eternal Feather":78,"Omamori":61,"Incense Burner":67,"Letter Opener":61,"Bottled Tornado":179,"Cursed Key":46,"MawBank":114,"Frozen Eye":173,"Mummified Hand":31,"Coffee Dripper":92,"Toy Ornithopter":114,"FossilizedHelix":138,"Ring of the Snake":0}],"Toy Ornithopter":29,"FossilizedHelix":[108],"Ring of the Snake":[56]},"card_choices":[{"not_picked":["After Image","Storm of Steel"],"picked":"Wraith Form v2","floor":0},{"not_picked":["Poisoned Stab","Calculated Gamble"],"picked":"Blade Dance","floor":1},{"not_picked":["Bane","Flying Knee"],"picked":"Poisoned Stab","floor":5},{"not_picked":["Skewer","Bouncing Flask","Setup"],"picked":"SKIP","floor":7},{"not_picked":["Bane","Flying Knee"],"picked":"Backflip","floor":10},{"not_picked":["Noxious Fumes","Finisher","Cloak And Dagger"],"picked":"SKIP","floor":12},{"not_picked":["Caltrops","Predator","Choke"],"picked":"SKIP","floor":13},{"not_picked":["Quick Slash","Outmaneuver"],"picked":"Deadly Poison","floor":14},{"not_picked":["Grand Finale","Tools of the Trade"],"picked":"Glass Knife","floor":16},{"not_picked":["Outmaneuver","Distraction","Dagger Spray"],"picked":"SKIP","floor":18},{"not_picked":["Slice","Prepared+1"],"picked":"PiercingWail","floor":22},{"not_picked":["Sucker Punch+1","Distraction"],"picked":"Dagger Spray+1","floor":24},{"not_picked":["All Out Attack","Finisher","Cloak And Dagger"],"picked":"SKIP","floor":27},{"not_picked":["Masterful Stab","Riddle With Holes","Setup"],"picked":"SKIP","floor":28},{"not_picked":["Blade Dance","Cloak And Dagger","Envenom"],"picked":"SKIP","floor":30},{"not_picked":["Riddle With Holes","Flying Knee","Choke"],"picked":"SKIP","floor":31},{"not_picked":["After Image","Corpse Explosion"],"picked":"Burst","floor":33},{"not_picked":["Concentrate","Cloak And Dagger","Blade Dance"],"picked":"SKIP","floor":35},{"not_picked":["Tactician","Dagger Spray","Dagger Throw"],"picked":"SKIP","floor":36},{"not_picked":["Cloak And Dagger","Sucker Punch"],"picked":"Footwork","floor":38},{"not_picked":["Poisoned Stab","Infinite Blades"],"picked":"Leg Sweep","floor":41},{"not_picked":["Storm of Steel","Underhanded Strike","Dodge and Roll"],"picked":"SKIP","floor":45},{"not_picked":["Bouncing Flask","Bane"],"picked":"Acrobatics","floor":46},{"not_picked":["Quick Slash","Bane"],"picked":"Bouncing Flask","floor":47},{"not_picked":["Endless Agony+1","Blur+1"],"picked":"Acrobatics+1","floor":48},{"not_picked":["Outmaneuver","Flying Knee","Quick Slash"],"picked":"SKIP","floor":55}],"player_experience":12966046,"relics_obtained":[{"floor":10,"key":"Potion Belt"},{"floor":13,"key":"Mummified Hand"},{"floor":24,"key":"Omamori"},{"floor":26,"key":"Letter Opener"},{"floor":27,"key":"Incense Burner"},{"floor":30,"key":"Eternal Feather"},{"floor":41,"key":"Toy Ornithopter"},{"floor":43,"key":"MawBank"},{"floor":45,"key":"Girya"},{"floor":48,"key":"FossilizedHelix"},{"floor":55,"key":"Bottled Tornado"}],"event_choices":[{"damage_healed":0,"gold_gain":75,"player_choice":"Gather Gold","damage_taken":11,"max_hp_gain":0,"max_hp_loss":0,"event_name":"World of Goop","floor":2,"gold_loss":0},{"damage_healed":0,"gold_gain":0,"player_choice":"Grow","damage_taken":0,"max_hp_gain":0,"max_hp_loss":0,"event_name":"Living Wall","floor":3,"gold_loss":0,"cards_upgraded":["Wraith Form v2"]},{"damage_healed":0,"gold_gain":0,"player_choice":"Ignored","damage_taken":0,"max_hp_gain":0,"max_hp_loss":0,"event_name":"Vampires","floor":20,"gold_loss":0},{"cards_removed":["Strike_G"],"damage_healed":0,"gold_gain":0,"player_choice":"Single Remove","damage_taken":0,"max_hp_gain":0,"max_hp_loss":0,"event_name":"Designer","floor":29,"gold_loss":75},{"damage_healed":0,"gold_gain":0,"player_choice":"Ignored","damage_taken":0,"max_hp_gain":0,"max_hp_loss":0,"event_name":"Tomb of Lord Red Mask","floor":37,"gold_loss":0},{"damage_healed":0,"gold_gain":0,"player_choice":"Upgraded","damage_taken":0,"max_hp_gain":0,"max_hp_loss":0,"event_name":"Upgrade Shrine","floor":44,"gold_loss":0,"cards_upgraded":["Leg Sweep"]}],"is_beta":false,"boss_relics":[{"not_picked":["Black Star","Sozu"],"picked":"Cursed Key"},{"not_picked":["WristBlade","SlaversCollar"],"picked":"Coffee Dripper"}],"items_purged_floors":[19,21,39],"is_endless":false,"potions_floor_spawned":[5,10,12,13,14,16,22,24,28,33,36,45,48],"ascension_level":20,"potion_discard_per_floor":[[],[],[],[],[],[],[],[],[],[],[],[],[],[],[],["ColorlessPotion"],[],[],[],[],[],[],[],[],[],[],[],[],[],[],[],[],[],[],[],[],[],[],[],[],[],[],[],[],[],[],[],[],[],[],[],[],[],[],[],["GhostInAJar","CunningPotion"],[]]}