{"neow_bonuses_skipped_log":["ONE_RANDOM_RARE_CARD","TRANSFORM_TWO_CARDS","BOSS_RELIC"],"neow_costs_skipped_log":["NONE","TEN_PERCENT_HP_LOSS","NONE"],"gold_per_floor":[116,116,116,15,15,15,45,45,69,100,25,54,113,138,138,213,213,229,154,69,88,102,102,129,142,142,0,0,20,46,46,46,119,119,132,132,132,148,173,203,203,203,203,228,245,245,261,272,272,272,272,272,272,27,59,59],"floor_reached":57,"playtime":4206,"items_purged":["Strike_G","Strike_G"],"score":3094,"play_id":"e373a21b-14fb-408e-b9ce-6476f091739b","local_time":"20220615150936","falling_options_log":["Defend_G+1","Footwork+1"],"score_breakdown":["Floors Climbed (57): 285","Enemies Slain (11): 22","Exordium Elites Killed (4): 40","City Elites Killed (2): 40","Beyond Elites Killed (2): 60","Bosses Slain (5): 750","Champion (4): 100","Perfect (2): 100","Overkill: 25","Ascension (20): 1422","Heartbreaker: 250"],"is_ascension_mode":true,"campfire_choices":[{"data":"Deadly Poison","floor":6,"key":"SMITH"},{"data":"Predator","floor":8,"key":"SMITH"},{"data":"Crippling Poison","floor":15,"key":"SMITH"},{"data":"Catalyst","floor":23,"key":"SMITH"},{"data":"Bouncing Flask","floor":28,"key":"SMITH"},{"data":"Flechettes","floor":32,"key":"SMITH"},{"data":"Doppelganger","floor":42,"key":"SMITH"},{"floor":46,"key":"RECALL"},{"data":"Acrobatics","floor":49,"key":"SMITH"},{"floor":53,"key":"DIG"}],"neow_cost":"NONE","seed_source_timestamp":2785746965490900,"shop_contents":[{"floor":4,"relics":["CaptainsWheel","Bird Faced Urn","PrismaticShard"],"cards":["Bane","Outmaneuver","Infinite Blades","Jack Of All Trades","Apotheosis"],"potions":["LiquidBronze","FearPotion","GhostInAJar"]},{"floor":11,"relics":["Art of War","Blood Vial","HandDrill"],"cards":["Flechettes","Flying Knee","Setup","Backflip","Caltrops","Dramatic Entrance","Secret Technique"],"potions":["Weak Potion","Explosive Potion","Poison Potion"]},{"floor":27,"relics":["Mummified Hand","Shuriken","Medical Kit"],"cards":["Quick Slash","Slice","Acrobatics","Accuracy+1","Dramatic Entrance","Secret Weapon"],"potions":["PowerPotion","DuplicationPotion","LiquidBronze"]},{"floor":54,"relics":["TungstenRod","Pen Nib"],"cards":["Underhanded Strike","Flechettes","Blade Dance+1","Prepared+1","Noxious Fumes+1","Finesse+1","Apotheosis+1"],"potions":["CunningPotion","SteroidPotion"]}],"circlet_count":0,"master_deck":["AscendersBane","Defend_G","Defend_G+1","Defend_G+1","Defend_G","Defend_G","Survivor","Catalyst+1","Deadly Poison+1","Predator+1","Flechettes+1","Backflip","Crippling Poison+1","Malaise","PiercingWail","Footwork+1","Wraith Form v2+1","Bouncing Flask+1","Backflip+1","Doppelganger+1","Footwork+1","Acrobatics+1","PiercingWail","Blur","Corpse Explosion+1","Prepared+1","Prepared+1","Deadly Poison+1","Footwork+1"],"potion_use_per_floor":[[],[],[],[],[],[],[],[],[],[],[],[],["Explosive Potion"],[],[],[],[],[],[],[],[],[],[],[],["Dexterity Potion"],[],[],[],[],[],[],[],[],[],["Swift Potion"],[],[],[],[],["Regen Potion"],[],[],[],[],[],[],[],[],[],[],[],[],[],[],["Energy Potion"],["DuplicationPotion"],[]],"relics":["Ring of the Snake","NeowsBlessing","Happy Flower","Bag of Preparation","Shovel","Meat on the Bone","Prayer Wheel","Calipers","Coffee Dripper","Frozen Egg 2","Gremlin Horn","Tough Bandages","SlaversCollar","Ice Cream","Letter Opener","Singing Bowl","Toxic Egg 2","Eternal Feather","Toolbox","Bottled Flame"],"potions_floor_usage":[13,25,35,40,55,56],"damage_taken":[{"damage":0,"enemies":"2 Louse","floor":1,"turns":1},{"damage":0,"enemies":"Gremlin Nob","floor":7,"turns":1},{"damage":0,"enemies":"3 Sentries","floor":10,"turns":2},{"damage":10,"enemies":"Lagavulin","floor":12,"turns":5},{"damage":12,"enemies":"3 Sentries","floor":13,"turns":6},{"damage":10,"enemies":"Gremlin Nob","floor":14,"turns":3},{"damage":1,"enemies":"The Guardian","floor":16,"turns":9},{"damage":0,"enemies":"2 Thieves","floor":18,"turns":4},{"damage":2,"enemies":"Chosen","floor":21,"turns":4},{"damage":4,"enemies":"Snecko","floor":22,"turns":5},{"damage":12,"enemies":"Slavers","floor":24,"turns":6},{"damage":2,"enemies":"Shelled Parasite and Fungi","floor":25,"turns":3},{"damage":0,"enemies":"3 Cultists","floor":29,"turns":4},{"damage":8,"enemies":"Book of Stabbing","floor":30,"turns":6},{"damage":0,"enemies":"Collector","floor":33,"turns":9},{"damage":0,"enemies":"3 Darklings","floor":35,"turns":5},{"damage":0,"enemies":"3 Shapes","floor":38,"turns":4},{"damage":0,"enemies":"Mind Bloom Boss Battle","floor":39,"turns":5},{"damage":1,"enemies":"Reptomancer","floor":40,"turns":6},{"damage":0,"enemies":"Giant Head","floor":44,"turns":7},{"damage":0,"enemies":"Maw","floor":45,"turns":5},{"damage":0,"enemies":"4 Shapes","floor":47,"turns":3},{"damage":0,"enemies":"Writhing Mass","floor":48,"turns":5},{"damage":2,"enemies":"Donu and Deca","floor":50,"turns":7},{"damage":0,"enemies":"Awakened One","floor":51,"turns":18},{"damage":0,"enemies":"Shield and Spear","floor":55,"turns":5},{"damage":46,"enemies":"The Heart","floor":56,"turns":9}],"seed_played":"-3674345734433674101","neow_bonus_log":{"cardsObtained":[],"cardsUpgraded":[],"cardsRemoved":[],"cardsTransformed":[],"relicsObtained":["NeowsBlessing"],"maxHpGained":0,"goldGained":0,"damageTaken":0,"goldLost":0,"maxHpLost":0},"potions_obtained":[{"floor":12,"key":"Explosive Potion"},{"floor":13,"key":"Swift Potion"},{"floor":22,"key":"LiquidBronze"},{"floor":24,"key":"Dexterity Potion"},{"floor":25,"key":"ColorlessPotion"},{"floor":33,"key":"Energy Potion"},{"floor":39,"key":"Regen Potion"},{"floor":40,"key":"Strength Potion"},{"floor":44,"key":"LiquidBronze"}],"is_trial":false,"path_per_floor":["M","?","?","$","?","R","E","R","T","E","$","E","?","E","R","B",null,"M","?","?","M","M","R","E","M","T","$","R","M","E","?","R","B",null,"M","?","?","M","?","E","?","R","T","E","M","R","M","M","R","B","B",null,"R","$","E","B",null],"character_chosen":"THE_SILENT","items_purchased":["Deadly Poison","Predator","Bouncing Flask","DuplicationPotion","Toolbox"],"campfire_rested":0,"item_purchase_floors":[4,4,27,54,54],"current_hp_per_floor":[59,52,32,32,54,54,54,54,54,54,54,44,44,34,34,45,61,61,61,61,59,55,55,43,41,41,41,41,41,45,45,45,45,61,61,61,61,61,61,66,66,66,66,66,66,66,68,70,70,68,68,70,70,70,72,38],"gold":59,"neow_bonus":"THREE_ENEMY_KILL","is_prod":false,"is_daily":false,"rewards_skipped":[{"floor":30,"relics":[],"potions":["EssenceOfSteel"]}],"chose_seed":false,"campfire_upgraded":8,"win_rate":0,"floor_exit_playtime":[118,129,146,187,222,229,266,281,291,330,348,435,593,678,689,872,1005,1109,1114,1123,1181,1271,1279,1422,1536,1569,1618,1628,1714,1849,1859,1874,2052,2146,2304,2323,2342,2425,2532,2741,2827,2834,2848,2999,3077,3109,3206,3291,3304,3452,3724,3744,3759,3812,3948,4206],"timestamp":1655320176,"blue_key_relic_skipped_log":{"floor":26,"relicID":"Bottled Tornado"},"path_taken":["M","?","?","$","?","R","E","R","T","E","$","E","?","E","R","BOSS","M","?","?","M","M","R","E","M","T","?","R","M","E","?","R","BOSS","M","?","?","?","?","E","?","R","T","E","M","R","M","?","R","BOSS","BOSS","R","$","E","BOSS"],"build_version":"2022-03-07","purchased_purges":2,"victory":true,"max_hp_per_floor":[66,66,66,66,66,66,66,66,66,66,66,66,66,66,66,66,66,66,66,66,66,66,66,66,66,66,66,66,66,66,66,66,66,66,66,66,66,66,66,66,66,66,66,66,66,66,68,70,70,70,70,70,70,70,72,72],"relic_stats":{"Ice Cream":[62],"Calipers":[1231],"Happy Flower":[48],"Gremlin Horn":[21,21],"Singing Bowl":6,"counters":[27,147],"Eternal Feather":0,"Bag of Preparation":[50],"Letter Opener":[324],"Tough Bandages":[219],"Bottled Flame":"Predator","Shovel":1,"Prayer Wheel":10,"obtain_stats":[{"Ice Cream":39,"Calipers":14,"NeowsBlessing":0,"Happy Flower":7,"Gremlin Horn":24,"Singing Bowl":43,"Eternal Feather":53,"Bag of Preparation":9,"Letter Opener":40,"Frozen Egg 2":20,"SlaversCollar":34,"Tough Bandages":30,"Bottled Flame":55,"Shovel":10,"Toolbox":54,"Prayer Wheel":13,"Coffee Dripper":17,"Toxic Egg 2":44,"Ring of the Snake":0,"Meat on the Bone":12},{"Ice Cream":18,"Calipers":6,"NeowsBlessing":0,"Happy Flower":2,"Gremlin Horn":11,"Singing Bowl":19,"Eternal Feather":25,"Bag of Preparation":2,"Letter Opener":19,"Frozen Egg 2":8,"SlaversCollar":15,"Tough Bandages":14,"Bottled Flame":26,"Shovel":3,"Toolbox":25,"Prayer Wheel":4,"Coffee Dripper":7,"Toxic Egg 2":20,"Ring of the Snake":0,"Meat on the Bone":4},{"Ice Cream":82,"Calipers":18,"NeowsBlessing":0,"Happy Flower":2,"Gremlin Horn":46,"Singing Bowl":88,"Eternal Feather":133,"Bag of Preparation":2,"Letter Opener":88,"Frozen Egg 2":31,"SlaversCollar":68,"Tough Bandages":59,"Bottled Flame":138,"Shovel":4,"Toolbox":133,"Prayer Wheel":9,"Coffee Dripper":27,"Toxic Egg 2":95,"Ring of the Snake":0,"Meat on the Bone":9}],"Ring of the Snake":[54],"Meat on the Bone":48},"card_choices":[{"not_picked":["Acrobatics","PiercingWail"],"picked":"Catalyst","floor":1},{"not_picked":["Blade Dance","All Out Attack"],"picked":"Flechettes","floor":7},{"not_picked":["Quick Slash","Eviscerate"],"picked":"Backflip","floor":10},{"not_picked":["Dagger Spray","Choke","Deflect"],"picked":"SKIP","floor":12},{"not_picked":["Sucker Punch","Bane"],"picked":"Crippling Poison","floor":13},{"not_picked":["All Out Attack","Prepared","Flying Knee"],"picked":"SKIP","floor":14},{"not_picked":["Die Die Die","Venomology"],"picked":"Malaise","floor":16},{"not_picked":["Blur","Quick Slash"],"picked":"PiercingWail","floor":18},{"not_picked":["Dagger Spray","Backstab","Cloak And Dagger"],"picked":"SKIP","floor":18},{"not_picked":["Deadly Poison","Slice","Heel Hook"],"picked":"SKIP","floor":21},{"not_picked":["Skewer","Masterful Stab","Flying Knee"],"picked":"SKIP","floor":21},{"not_picked":["PiercingWail","Underhanded Strike","Dodge and Roll"],"picked":"SKIP","floor":22},{"not_picked":["Acrobatics","Blade Dance","Sucker Punch"],"picked":"SKIP","floor":22},{"not_picked":["Prepared","Crippling Poison"],"picked":"Footwork+1","floor":24},{"not_picked":["Backflip","Crippling Poison"],"picked":"Wraith Form v2+1","floor":25},{"not_picked":["Heel Hook","Concentrate","Bane"],"picked":"SKIP","floor":25},{"not_picked":["Dagger Spray","Acrobatics"],"picked":"Backflip+1","floor":29},{"not_picked":["Glass Knife","Poisoned Stab","Slice"],"picked":"SKIP","floor":30},{"not_picked":["Wraith Form v2+1","Venomology"],"picked":"Doppelganger","floor":33},{"not_picked":["Cloak And Dagger","Infinite Blades+1"],"picked":"Footwork+1","floor":35},{"not_picked":["Dagger Spray","Reflex","Prepared"],"picked":"SKIP","floor":35},{"not_picked":["Dagger Spray","Reflex","Prepared"],"picked":"SKIP","floor":35},{"not_picked":["Blade Dance","Flying Knee"],"picked":"Acrobatics","floor":38},{"not_picked":["Predator","Flying Knee+1","Endless Agony"],"picked":"SKIP","floor":38},{"not_picked":["Predator","Flying Knee+1","Endless Agony"],"picked":"SKIP","floor":38},{"not_picked":["Predator","Flying Knee+1","Endless Agony"],"picked":"SKIP","floor":38},{"not_picked":["Riddle With Holes","Slice+1"],"picked":"PiercingWail","floor":39},{"not_picked":["Caltrops+1","Bane+1"],"picked":"Blur","floor":40},{"not_picked":["Cloak And Dagger+1","Night Terror+1"],"picked":"Corpse Explosion+1","floor":44},{"not_picked":["Blade Dance+1","Sucker Punch"],"picked":"Prepared+1","floor":45},{"not_picked":["Deadly Poison+1","Accuracy+1"],"picked":"Prepared+1","floor":45},{"not_picked":["Prepared+1","Outmaneuver+1"],"picked":"Deadly Poison+1","floor":47},{"not_picked":["Distraction+1","Deflect+1","Wraith Form v2+1"],"picked":"Singing Bowl","floor":47},{"not_picked":["Cloak And Dagger+1","Tactician+1"],"picked":"Footwork+1","floor":48},{"not_picked":["Dash+1","Finisher+1","Dagger Spray"],"picked":"Singing Bowl","floor":48},{"not_picked":["Choke+1","Storm of Steel+1","Slice"],"picked":"Singing Bowl","floor":55}],"player_experience":7181556,"relics_obtained":[{"floor":7,"key":"Happy Flower"},{"floor":9,"key":"Bag of Preparation"},{"floor":10,"key":"Shovel"},{"floor":12,"key":"Meat on the Bone"},{"floor":14,"key":"Calipers"},{"floor":24,"key":"Gremlin Horn"},{"floor":30,"key":"Tough Bandages"},{"floor":39,"key":"Ice Cream"},{"floor":40,"key":"Letter Opener"},{"floor":43,"key":"Singing Bowl"},{"floor":44,"key":"Toxic Egg 2"},{"floor":53,"key":"Eternal Feather"},{"floor":55,"key":"Bottled Flame"}],"event_choices":[{"cards_removed":["Strike_G"],"damage_healed":0,"gold_gain":0,"player_choice":"Card Removal","damage_taken":7,"max_hp_gain":0,"max_hp_loss":0,"event_name":"Golden Wing","floor":2,"gold_loss":0},{"damage_healed":0,"gold_gain":0,"player_choice":"Entered Light","damage_taken":20,"max_hp_gain":0,"max_hp_loss":0,"event_name":"Shining Light","floor":3,"gold_loss":0,"cards_upgraded":["Defend_G","Defend_G"]},{"damage_healed":22,"gold_gain":0,"player_choice":"Banana","damage_taken":0,"max_hp_gain":0,"max_hp_loss":0,"event_name":"Big Fish","floor":5,"gold_loss":0},{"damage_healed":0,"gold_gain":0,"player_choice":"Searched \u00273\u0027 times","damage_taken":0,"relics_obtained":["Prayer Wheel"],"max_hp_gain":0,"max_hp_loss":0,"event_name":"Dead Adventurer","floor":13,"gold_loss":0},{"cards_removed":["Strike_G"],"damage_healed":0,"gold_gain":0,"player_choice":"Gave Gold","damage_taken":0,"max_hp_gain":0,"max_hp_loss":0,"event_name":"Beggar","floor":19,"gold_loss":75},{"damage_healed":0,"gold_gain":0,"player_choice":"Obtained Relic","damage_taken":0,"relics_obtained":["Frozen Egg 2"],"max_hp_gain":0,"max_hp_loss":0,"event_name":"Addict","floor":20,"gold_loss":85},{"damage_healed":0,"gold_gain":0,"player_choice":"Ignored","damage_taken":0,"max_hp_gain":0,"max_hp_loss":0,"event_name":"The Mausoleum","floor":31,"gold_loss":0},{"cards_removed":["Neutralize"],"damage_healed":0,"gold_gain":0,"player_choice":"Removed Attack","damage_taken":0,"max_hp_gain":0,"max_hp_loss":0,"event_name":"Falling","floor":36,"gold_loss":0},{"cards_removed":["Strike_G"],"damage_healed":0,"gold_gain":0,"player_choice":"Purged","damage_taken":0,"max_hp_gain":0,"max_hp_loss":0,"event_name":"Purifier","floor":37,"gold_loss":0},{"damage_healed":0,"gold_gain":0,"player_choice":"Fight","damage_taken":0,"max_hp_gain":0,"max_hp_loss":0,"event_name":"MindBloom","floor":39,"gold_loss":0},{"damage_healed":0,"gold_gain":0,"player_choice":"0 cards matched","damage_taken":0,"max_hp_gain":0,"max_hp_loss":0,"event_name":"Match and Keep!","floor":41,"gold_loss":0,"cards_obtained":[]},{"damage_healed":0,"gold_gain":0,"player_choice":"0 cards matched","damage_taken":0,"max_hp_gain":0,"max_hp_loss":0,"event_name":"Match and Keep!","floor":41,"gold_loss":0,"cards_obtained":[]}],"is_beta":false,"boss_relics":[{"not_picked":["Empty Cage","Astrolabe"],"picked":"Coffee Dripper"},{"not_picked":["Snecko Eye","Tiny House"],"picked":"SlaversCollar"}],"items_purged_floors":[11,27],"is_endless":false,"potions_floor_spawned":[12,13,22,24,25,30,33,39,40,44],"ascension_level":20,"potion_discard_per_floor":[[],[],[],[],[],[],[],[],[],[],[],[],[],[],[],[],[],[],[],[],[],[],[],["LiquidBronze"],[],[],[],[],[],[],[],[],["ColorlessPotion"],[],[],[],[],[],[],[],[],[],[],["Strength Potion"],[],[],[],[],[],[],[],[],[],["LiquidBronze"],[],[],[]]}