{"neow_bonuses_skipped_log":["TEN_PERCENT_HP_BONUS","RANDOM_COLORLESS_2","BOSS_RELIC"],"neow_costs_skipped_log":["NONE","CURSE","NONE"],"gold_per_floor":[111,131,143,161,173,173,206,269,269,302,302,302,26,26,26,100,100,118,118,135,135,152,152,185,185,185,215,229,55,68,68,68,145,145,158,510,523,143,156,156,182,182,182,142,142,161,190,18,18,18,18,18,18,18,51,51],"floor_reached":57,"playtime":6959,"items_purged":["Strike_G","Bite","Defend_G"],"score":2916,"play_id":"03c54490-221a-4b43-bf6d-d0c19f667c2a","local_time":"20220630141626","score_breakdown":["Floors Climbed (57): 285","Enemies Slain (14): 28","Exordium Elites Killed (2): 20","City Elites Killed (2): 40","Beyond Elites Killed (2): 60","Bosses Slain (5): 750","Collector (1): 25","Librarian: 25","Champion (2): 50","Perfect (1): 50","Overkill: 25","Ascension (20): 1308","Heartbreaker: 250"],"is_ascension_mode":true,"campfire_choices":[{"data":"Sucker Punch","floor":6,"key":"SMITH"},{"data":"Noxious Fumes","floor":11,"key":"SMITH"},{"floor":15,"key":"REST"},{"data":"Apotheosis","floor":23,"key":"SMITH"},{"data":"Calculated Gamble","floor":25,"key":"SMITH"},{"data":"Well Laid Plans","floor":32,"key":"SMITH"},{"floor":40,"key":"RECALL"},{"data":"Footwork","floor":45,"key":"SMITH"},{"data":"Malaise","floor":49,"key":"SMITH"},{"data":"J.A.X.","floor":53,"key":"SMITH"}],"neow_cost":"NONE","seed_source_timestamp":4075765499020700,"shop_contents":[{"floor":13,"relics":["Akabeko","Darkstone Periapt","Strange Spoon"],"cards":["Heel Hook","Riddle With Holes","Doppelganger","Blur","Accuracy","Finesse"],"potions":["CultistPotion","Fruit Juice","EntropicBrew"]},{"floor":29,"relics":["Molten Egg 2","MealTicket","Frozen Eye"],"cards":["Underhanded Strike","Skewer","Leg Sweep","Prepared","Enlightenment","Panache"],"potions":["BlessingOfTheForge","AttackPotion","PowerPotion"]},{"floor":38,"relics":["Dream Catcher","War Paint"],"cards":["Die Die Die","Dagger Throw","Distraction","Deadly Poison","Noxious Fumes","Madness"],"potions":["Strength Potion","SmokeBomb"]},{"floor":48,"relics":["Nunchaku","Lee\u0027s Waffle"],"cards":["Choke","Backstab","Tactician","Leg Sweep","Caltrops","PanicButton","Transmutation"],"potions":["Fire Potion","ColorlessPotion","SteroidPotion"]},{"floor":54,"relics":["HornCleat","Bottled Tornado","HandDrill"],"cards":["Quick Slash","Flechettes","Blur","Deadly Poison","Noxious Fumes","Deep Breath","HandOfGreed"],"potions":["LiquidBronze","Dexterity Potion","Ancient Potion"]}],"circlet_count":0,"master_deck":["AscendersBane","Defend_G","Defend_G","Defend_G","Defend_G","Survivor","Neutralize","Footwork+1","Flying Knee","Footwork","Backstab","Sucker Punch+1","Dagger Throw","Calculated Gamble+1","Dagger Spray+1","Noxious Fumes+1","Adrenaline","Apotheosis+1","Tools of the Trade","Acrobatics","Adrenaline","Backflip","Bite","Bite","Bite+1","Bite","Dodge and Roll+1","Blur+1","Well Laid Plans+1","Deflect","J.A.X.+1","Malaise+1","Blur+1","Deadly Poison","Flechettes","Master of Strategy","Acrobatics+1","Venomology","Catalyst","Shame","Noxious Fumes+1","Envenom"],"potion_use_per_floor":[[],[],[],[],[],[],["Strength Potion","DuplicationPotion"],["EntropicBrew","ColorlessPotion"],[],["Energy Potion"],[],[],[],[],[],[],[],[],[],[],[],[],[],[],[],[],["AttackPotion"],[],[],[],[],[],[],[],[],["Ancient Potion","SpeedPotion","AttackPotion"],[],[],[],[],[],[],[],[],[],["LiquidMemories"],["Strength Potion"],[],[],["FearPotion"],["LiquidBronze"],[],[],[],["Poison Potion","GamblersBrew"],["Fire Potion","GhostInAJar","Block Potion"],[]],"relics":["Ring of the Snake","Gremlin Horn","Juzu Bracelet","Potion Belt","InkBottle","Cursed Key","Snake Skull","Art of War","SlaversCollar","Old Coin","Membership Card","Mercury Hourglass","Bottled Lightning","Gambling Chip","Whetstone"],"potions_floor_usage":[7,7,8,8,10,27,36,36,36,46,47,50,51,55,55,56,56,56],"damage_taken":[{"damage":6,"enemies":"2 Louse","floor":1,"turns":4},{"damage":9,"enemies":"Small Slimes","floor":2,"turns":5},{"damage":0,"enemies":"Jaw Worm","floor":3,"turns":6},{"damage":9,"enemies":"Blue Slaver","floor":4,"turns":4},{"damage":1,"enemies":"Lots of Slimes","floor":5,"turns":5},{"damage":1,"enemies":"Gremlin Nob","floor":7,"turns":3},{"damage":15,"enemies":"3 Sentries","floor":8,"turns":9},{"damage":15,"enemies":"3 Sentries","floor":10,"turns":8},{"damage":21,"enemies":"Hexaghost","floor":16,"turns":10},{"damage":20,"enemies":"3 Byrds","floor":18,"turns":5},{"damage":0,"enemies":"Spheric Guardian","floor":20,"turns":6},{"damage":0,"enemies":"Snake Plant","floor":22,"turns":6},{"damage":0,"enemies":"Gremlin Leader","floor":24,"turns":5},{"damage":15,"enemies":"Slavers","floor":27,"turns":6},{"damage":0,"enemies":"3 Cultists","floor":28,"turns":4},{"damage":0,"enemies":"Cultist and Chosen","floor":30,"turns":7},{"damage":36,"enemies":"Collector","floor":33,"turns":10},{"damage":8,"enemies":"3 Darklings","floor":35,"turns":7},{"damage":22,"enemies":"2 Orb Walkers","floor":36,"turns":7},{"damage":0,"enemies":"3 Shapes","floor":37,"turns":5},{"damage":8,"enemies":"Transient","floor":39,"turns":6},{"damage":6,"enemies":"Giant Head","floor":41,"turns":5},{"damage":9,"enemies":"3 Darklings","floor":46,"turns":4},{"damage":6,"enemies":"Nemesis","floor":47,"turns":7},{"damage":6,"enemies":"Donu and Deca","floor":50,"turns":9},{"damage":10,"enemies":"Time Eater","floor":51,"turns":8},{"damage":17,"enemies":"Shield and Spear","floor":55,"turns":8},{"damage":28,"enemies":"The Heart","floor":56,"turns":8}],"seed_played":"-4048617842660619024","neow_bonus_log":{"cardsObtained":[],"cardsUpgraded":[],"cardsRemoved":[],"cardsTransformed":[],"relicsObtained":[],"maxHpGained":0,"goldGained":0,"damageTaken":0,"goldLost":0,"maxHpLost":0},"potions_obtained":[{"floor":3,"key":"Strength Potion"},{"floor":4,"key":"DuplicationPotion"},{"floor":7,"key":"EntropicBrew"},{"floor":16,"key":"LiquidMemories"},{"floor":18,"key":"SpeedPotion"},{"floor":20,"key":"Ancient Potion"},{"floor":24,"key":"AttackPotion"},{"floor":30,"key":"AttackPotion"},{"floor":36,"key":"ColorlessPotion"},{"floor":39,"key":"Explosive Potion"},{"floor":41,"key":"GamblersBrew"},{"floor":44,"key":"GhostInAJar"},{"floor":47,"key":"FearPotion"}],"is_trial":false,"path_per_floor":["M","M","M","M","M","R","E","?","T","E","R","?","$","?","R","B",null,"M","?","M","?","M","R","E","R","T","E","M","$","M","?","R","B",null,"M","?","M","$","M","R","E","?","T","?","R","M","E","$","R","B","B",null,"R","$","E","B",null],"character_chosen":"THE_SILENT","items_purchased":["Apotheosis","Well Laid Plans","Membership Card","GhostInAJar","Master of Strategy","Gambling Chip"],"campfire_rested":1,"item_purchase_floors":[13,29,38,38,38,48],"current_hp_per_floor":[53,44,44,35,34,34,33,18,18,3,3,3,3,3,22,1,50,30,30,30,30,46,46,46,46,46,46,46,46,46,46,46,45,46,46,39,46,46,46,46,46,46,46,46,46,46,46,46,46,46,46,46,46,46,46,36],"gold":51,"neow_bonus":"THREE_CARDS","is_prod":false,"is_daily":false,"rewards_skipped":[{"floor":44,"relics":[],"potions":["Weak Potion","DistilledChaos"]}],"chose_seed":false,"campfire_upgraded":8,"win_rate":0,"floor_exit_playtime":[484,611,757,820,964,1089,1294,1663,1669,1814,1825,1876,1958,1964,1969,2210,2502,2736,2772,2880,2940,3067,3079,3238,3275,3289,3585,3675,3870,4022,4088,4100,4403,4584,4742,4967,5068,5167,5302,5308,5475,5523,5535,5555,5561,5656,5784,5824,5841,6040,6263,6276,6285,6299,6617,6959],"timestamp":1656612986,"blue_key_relic_skipped_log":{"floor":43,"relicID":"Ornamental Fan"},"path_taken":["M","M","M","M","M","R","E","?","T","E","R","?","$","?","R","BOSS","M","?","M","?","M","R","E","R","T","E","M","$","M","?","R","BOSS","M","?","M","$","M","R","E","?","T","?","R","M","E","?","R","BOSS","BOSS","R","$","E","BOSS"],"build_version":"2022-03-07","purchased_purges":3,"victory":true,"max_hp_per_floor":[66,66,66,66,66,66,66,66,66,66,66,66,66,66,66,66,66,66,66,66,46,46,46,46,46,46,46,46,46,46,46,46,46,46,46,46,46,46,46,46,46,46,46,46,46,46,46,46,46,46,46,46,46,46,46,46],"relic_stats":{"Gremlin Horn":[29,29],"counters":[28,177],"Snake Skull":[146],"Juzu Bracelet":2,"Whetstone":["Dagger Spray","Bite"],"Cursed Key":1,"Mercury Hourglass":[124],"Gambling Chip":[11],"Art of War":[20],"Membership Card":391,"Bottled Lightning":"Apotheosis","obtain_stats":[{"Potion Belt":9,"Gremlin Horn":7,"Snake Skull":24,"Juzu Bracelet":8,"Whetstone":55,"Cursed Key":17,"Old Coin":36,"Mercury Hourglass":41,"SlaversCollar":34,"Gambling Chip":48,"Art of War":27,"Membership Card":38,"Bottled Lightning":47,"InkBottle":10,"Ring of the Snake":0},{"Potion Belt":7,"Gremlin Horn":6,"Snake Skull":13,"Juzu Bracelet":7,"Whetstone":27,"Cursed Key":9,"Old Coin":19,"Mercury Hourglass":22,"SlaversCollar":17,"Gambling Chip":24,"Art of War":14,"Membership Card":20,"Bottled Lightning":24,"InkBottle":8,"Ring of the Snake":0},{"Potion Belt":36,"Gremlin Horn":27,"Snake Skull":76,"Juzu Bracelet":36,"Whetstone":169,"Cursed Key":54,"Old Coin":117,"Mercury Hourglass":133,"SlaversCollar":103,"Gambling Chip":144,"Art of War":82,"Membership Card":122,"Bottled Lightning":144,"InkBottle":44,"Ring of the Snake":0}],"InkBottle":[75],"Ring of the Snake":[56]},"card_choices":[{"not_picked":["Flying Knee","Dagger Throw"],"picked":"Footwork","floor":0},{"not_picked":["Prepared","Setup"],"picked":"Flying Knee","floor":1},{"not_picked":["Bane","Blade Dance"],"picked":"Footwork","floor":2},{"not_picked":["Concentrate","Outmaneuver"],"picked":"Backstab","floor":3},{"not_picked":["PiercingWail","Escape Plan"],"picked":"Sucker Punch","floor":4},{"not_picked":["Slice","Calculated Gamble"],"picked":"Dagger Throw","floor":5},{"not_picked":["Slice","Storm of Steel"],"picked":"Calculated Gamble","floor":7},{"not_picked":["Flechettes","Dagger Throw"],"picked":"Dagger Spray","floor":8},{"not_picked":["Heel Hook","Backstab"],"picked":"Noxious Fumes","floor":10},{"not_picked":["Grand Finale","Glass Knife"],"picked":"Tools of the Trade","floor":16},{"not_picked":["All Out Attack","Concentrate+1"],"picked":"Acrobatics","floor":18},{"not_picked":["Quick Slash","Slice"],"picked":"Backflip","floor":20},{"not_picked":["PiercingWail","Riddle With Holes"],"picked":"Dodge and Roll+1","floor":22},{"not_picked":["After Image","Setup"],"picked":"Blur+1","floor":24},{"not_picked":["Slice","Dash","Cloak And Dagger"],"picked":"SKIP","floor":27},{"not_picked":["Eviscerate+1","PiercingWail","Poisoned Stab"],"picked":"SKIP","floor":28},{"not_picked":["Cloak And Dagger","Flying Knee"],"picked":"Deflect","floor":30},{"not_picked":["Bullet Time","Die Die Die"],"picked":"Malaise","floor":33},{"not_picked":["Flechettes","Cloak And Dagger+1"],"picked":"Blur+1","floor":35},{"not_picked":["Dodge and Roll","Poisoned Stab"],"picked":"Deadly Poison","floor":36},{"not_picked":["Setup+1","Expertise"],"picked":"Flechettes","floor":37},{"not_picked":["Deflect","Bullet Time"],"picked":"Acrobatics+1","floor":39},{"not_picked":["Dagger Spray","Underhanded Strike"],"picked":"Venomology","floor":41},{"not_picked":["Poisoned Stab+1","Dagger Throw"],"picked":"Noxious Fumes+1","floor":46},{"not_picked":["Dagger Spray","Masterful Stab+1","Heel Hook"],"picked":"SKIP","floor":47},{"not_picked":["Sucker Punch","Deadly Poison"],"picked":"Envenom","floor":55}],"player_experience":7275180,"relics_obtained":[{"floor":7,"key":"Gremlin Horn"},{"floor":8,"key":"Juzu Bracelet"},{"floor":9,"key":"Potion Belt"},{"floor":10,"key":"InkBottle"},{"floor":24,"key":"Snake Skull"},{"floor":27,"key":"Art of War"},{"floor":36,"key":"Old Coin"},{"floor":41,"key":"Mercury Hourglass"},{"floor":47,"key":"Bottled Lightning"},{"floor":55,"key":"Whetstone"}],"event_choices":[{"damage_healed":0,"gold_gain":0,"player_choice":"Searched \u00271\u0027 times","damage_taken":0,"max_hp_gain":0,"max_hp_loss":0,"event_name":"Dead Adventurer","floor":8,"gold_loss":0},{"damage_healed":0,"gold_gain":0,"cards_transformed":["Strike_G"],"player_choice":"Change","damage_taken":0,"max_hp_gain":0,"max_hp_loss":0,"event_name":"Living Wall","floor":12,"gold_loss":0,"cards_obtained":["Adrenaline"]},{"damage_healed":0,"gold_gain":0,"player_choice":"Ignored","damage_taken":0,"max_hp_gain":0,"max_hp_loss":0,"event_name":"Shining Light","floor":14,"gold_loss":0},{"damage_healed":0,"gold_gain":0,"player_choice":"Copied","damage_taken":0,"max_hp_gain":0,"max_hp_loss":0,"event_name":"Duplicator","floor":19,"gold_loss":0,"cards_obtained":["Adrenaline"]},{"damage_healed":0,"gold_gain":0,"player_choice":"Became a vampire","damage_taken":0,"max_hp_gain":0,"max_hp_loss":20,"event_name":"Vampires","floor":21,"gold_loss":0,"cards_obtained":["Bite","Bite","Bite","Bite","Bite"]},{"damage_healed":0,"gold_gain":0,"player_choice":"Obtain J.A.X.","damage_taken":0,"max_hp_gain":0,"max_hp_loss":0,"event_name":"Drug Dealer","floor":31,"gold_loss":0,"cards_obtained":["J.A.X."]},{"damage_healed":0,"gold_gain":0,"player_choice":"Fight","damage_taken":0,"max_hp_gain":0,"max_hp_loss":0,"event_name":"Mysterious Sphere","floor":36,"gold_loss":0},{"damage_healed":0,"gold_gain":0,"player_choice":"1 cards matched","damage_taken":0,"max_hp_gain":0,"max_hp_loss":0,"event_name":"Match and Keep!","floor":42,"gold_loss":0,"cards_obtained":["Catalyst"]},{"damage_healed":0,"gold_gain":0,"player_choice":"1 cards matched","damage_taken":0,"max_hp_gain":0,"max_hp_loss":0,"event_name":"Match and Keep!","floor":42,"gold_loss":0,"cards_obtained":["Catalyst"]},{"damage_healed":0,"gold_gain":0,"player_choice":"Bought 3 Potions","damage_taken":0,"max_hp_gain":0,"max_hp_loss":0,"event_name":"The Woman in Blue","floor":44,"gold_loss":0}],"is_beta":false,"boss_relics":[{"not_picked":["Black Star","Velvet Choker"],"picked":"Cursed Key"},{"not_picked":["Astrolabe","Philosopher\u0027s Stone"],"picked":"SlaversCollar"}],"items_purged_floors":[13,29,38],"is_endless":false,"potions_floor_spawned":[3,4,7,16,18,20,24,30,36,39,41,47],"ascension_level":20,"potion_discard_per_floor":[[],[],[],[],[],[],[],[],[],[],[],[],[],[],[],[],[],[],[],[],[],[],[],[],[],[],[],[],[],[],[],[],[],[],[],[],[],[],[],[],["Explosive Potion"],[],[],["ColorlessPotion"],[],[],["SteroidPotion"],[],[],[],[],[],[],[],[],["GhostInAJar"],[]]}