{"neow_bonuses_skipped_log":["RANDOM_COLORLESS","THREE_SMALL_POTIONS","BOSS_RELIC"],"neow_costs_skipped_log":["NONE","NONE","NONE"],"gold_per_floor":[117,117,21,38,0,10,10,10,10,29,56,56,81,92,92,165,165,182,182,182,196,215,215,130,130,156,191,191,191,204,217,217,291,341,356,375,375,375],"floor_reached":38,"playtime":3557,"items_purged":[],"score":858,"play_id":"2c8ebe48-eefd-4a78-bb0d-00f10f19b119","local_time":"20220629171223","score_breakdown":["Floors Climbed (38): 190","Enemies Slain (12): 24","Exordium Elites Killed (2): 20","City Elites Killed (1): 20","Beyond Elites Killed (0): 0","Bosses Slain (2): 150","Champion (1): 25","Ascension (20): 429"],"is_ascension_mode":true,"campfire_choices":[{"data":"Bane","floor":7,"key":"SMITH"},{"data":"Deadly Poison","floor":12,"key":"SMITH"},{"data":"Calculated Gamble","floor":15,"key":"SMITH"},{"data":"Footwork","floor":23,"key":"SMITH"},{"data":"Neutralize","floor":25,"key":"SMITH"},{"floor":29,"key":"REST"},{"data":"Expertise","floor":32,"key":"SMITH"}],"neow_cost":"PERCENT_DAMAGE","seed_source_timestamp":4003354692306600,"shop_contents":[{"floor":3,"relics":["Ancient Tea Set","Regal Pillow","TheAbacus"],"cards":["Endless Agony","Terror","Footwork","Discovery","Transmutation"],"potions":["Poison Potion","SkillPotion","Fire Potion"]}],"circlet_count":0,"master_deck":["AscendersBane","Defend_G","Defend_G","Defend_G","Defend_G","Survivor","Neutralize+1","Bane+1","Deadly Poison+1","Predator","Poisoned Stab","Footwork+1","Calculated Gamble+1","Escape Plan","PiercingWail","Bullet Time+1","Eviscerate+1","Catalyst+1","All Out Attack+1","Backflip","PiercingWail+1","Deadly Poison","Expertise+1","Night Terror","Backflip"],"potion_use_per_floor":[[],[],[],[],[],[],[],[],[],[],["Dexterity Potion"],[],["Ancient Potion"],[],[],[],[],[],[],[],[],["GamblersBrew"],[],[],[],[],["SkillPotion","SkillPotion"],[],[],[],[],[],["BlessingOfTheForge"],[],["DuplicationPotion"],[],[],[]],"relics":["Ring of the Snake","Bag of Preparation","Juzu Bracelet","Ginger","Astrolabe","Pear","Boot","Pen Nib","Tiny House"],"potions_floor_usage":[11,13,22,27,27,33,35],"damage_taken":[{"damage":5,"enemies":"Jaw Worm","floor":1,"turns":5},{"damage":3,"enemies":"2 Louse","floor":4,"turns":3},{"damage":7,"enemies":"Small Slimes","floor":6,"turns":3},{"damage":0,"enemies":"2 Fungi Beasts","floor":10,"turns":2},{"damage":6,"enemies":"3 Sentries","floor":11,"turns":12},{"damage":13,"enemies":"Gremlin Nob","floor":13,"turns":4},{"damage":6,"enemies":"Lots of Slimes","floor":14,"turns":4},{"damage":7,"enemies":"Hexaghost","floor":16,"turns":9},{"damage":0,"enemies":"Spheric Guardian","floor":18,"turns":3},{"damage":1,"enemies":"2 Thieves","floor":21,"turns":3},{"damage":0,"enemies":"Chosen and Byrds","floor":22,"turns":2},{"damage":0,"enemies":"Gremlin Leader","floor":27,"turns":3},{"damage":9,"enemies":"Shelled Parasite and Fungi","floor":30,"turns":4},{"damage":0,"enemies":"Cultist and Chosen","floor":31,"turns":4},{"damage":48,"enemies":"Automaton","floor":33,"turns":8},{"damage":25,"enemies":"3 Shapes","floor":35,"turns":7},{"damage":32,"enemies":"3 Darklings","floor":36,"turns":7},{"damage":12,"enemies":"Spire Growth","floor":38,"turns":2}],"seed_played":"-8014636868545447752","neow_bonus_log":{"cardsObtained":[],"cardsUpgraded":[],"cardsRemoved":["Strike_G","Defend_G"],"cardsTransformed":[],"relicsObtained":[],"maxHpGained":0,"goldGained":0,"damageTaken":15,"goldLost":0,"maxHpLost":0},"potions_obtained":[{"floor":4,"key":"Dexterity Potion"},{"floor":11,"key":"Ancient Potion"},{"floor":13,"key":"SkillPotion"},{"floor":21,"key":"GamblersBrew"},{"floor":22,"key":"SkillPotion"},{"floor":27,"key":"DistilledChaos"},{"floor":31,"key":"BlessingOfTheForge"},{"floor":34,"key":"DuplicationPotion"},{"floor":35,"key":"Strength Potion"}],"is_trial":false,"path_per_floor":["M","?","$","M","?","M","R","?","T","M","E","R","E","M","R","B",null,"M","?","?","M","M","R","?","R","T","E","?","R","M","M","R","B",null,"M","M","?","M"],"character_chosen":"THE_SILENT","items_purchased":["Deadly Poison","Predator"],"campfire_rested":1,"item_purchase_floors":[3,3],"current_hp_per_floor":[39,32,32,29,29,22,22,44,44,44,38,38,25,19,19,12,53,53,35,35,34,34,34,44,44,44,44,44,68,59,59,59,11,69,44,12,12,0],"gold":375,"neow_bonus":"REMOVE_TWO","is_prod":false,"is_daily":false,"rewards_skipped":[],"chose_seed":false,"campfire_upgraded":6,"win_rate":0,"floor_exit_playtime":[205,214,298,378,429,505,531,559,582,650,880,962,1194,1306,1343,1654,1904,1995,2013,2059,2146,2267,2275,2310,2325,2342,2535,2550,2591,2709,2843,2849,3141,3246,3406,3525,3534],"timestamp":1656537143,"blue_key_relic_skipped_log":{"floor":26,"relicID":"CeramicFish"},"path_taken":["M","?","$","M","?","M","R","?","T","M","E","R","E","M","R","BOSS","M","?","?","M","M","R","?","R","T","E","?","R","M","M","R","BOSS","M","M","?","M"],"build_version":"2022-03-07","purchased_purges":0,"victory":false,"max_hp_per_floor":[66,66,66,66,66,66,66,66,66,66,66,66,66,66,66,66,66,66,71,71,71,71,71,81,81,81,81,81,81,81,81,81,81,86,86,86,82,82],"relic_stats":{"counters":[18,85],"Astrolabe":["Eviscerate","Catalyst","All Out Attack"],"Pen Nib":[4],"Bag of Preparation":[30],"Juzu Bracelet":1,"Ginger":[6],"Boot":[19],"obtain_stats":[{"Pear":24,"Tiny House":34,"Astrolabe":17,"Pen Nib":28,"Bag of Preparation":9,"Juzu Bracelet":11,"Ginger":13,"Boot":27,"Ring of the Snake":0},{"Pear":11,"Tiny House":15,"Astrolabe":8,"Pen Nib":12,"Bag of Preparation":3,"Juzu Bracelet":5,"Ginger":6,"Boot":12,"Ring of the Snake":0},{"Pear":50,"Tiny House":69,"Astrolabe":42,"Pen Nib":53,"Bag of Preparation":11,"Juzu Bracelet":25,"Ginger":29,"Boot":53,"Ring of the Snake":0}],"Ring of the Snake":[36]},"card_choices":[{"not_picked":["Outmaneuver","PiercingWail"],"picked":"Bane","floor":1},{"not_picked":["PiercingWail","Calculated Gamble"],"picked":"Poisoned Stab","floor":4},{"not_picked":["Deflect","Cloak And Dagger"],"picked":"Footwork","floor":6},{"not_picked":["Cloak And Dagger","PiercingWail"],"picked":"Calculated Gamble","floor":10},{"not_picked":["Concentrate","Predator","A Thousand Cuts"],"picked":"SKIP","floor":11},{"not_picked":["Flying Knee","Deflect"],"picked":"Escape Plan","floor":13},{"not_picked":["Outmaneuver","Underhanded Strike"],"picked":"PiercingWail","floor":14},{"not_picked":["A Thousand Cuts","Unload"],"picked":"Bullet Time","floor":16},{"not_picked":["Deadly Poison","Skewer"],"picked":"Backflip","floor":18},{"not_picked":["Cloak And Dagger","Blade Dance","Slice"],"picked":"SKIP","floor":21},{"not_picked":["All Out Attack","Choke","Cloak And Dagger"],"picked":"SKIP","floor":22},{"not_picked":["Backstab+1","Grand Finale"],"picked":"PiercingWail","floor":27},{"not_picked":["Slice","Masterful Stab"],"picked":"Deadly Poison","floor":30},{"not_picked":["Outmaneuver","Flying Knee"],"picked":"Expertise","floor":31},{"not_picked":["Doppelganger","Adrenaline"],"picked":"Night Terror","floor":33},{"not_picked":["Deadly Poison+1","Poisoned Stab","Slice"],"picked":"SKIP","floor":35},{"not_picked":["Calculated Gamble","Reflex"],"picked":"Backflip","floor":36}],"player_experience":7271623,"relics_obtained":[{"floor":9,"key":"Bag of Preparation"},{"floor":11,"key":"Juzu Bracelet"},{"floor":13,"key":"Ginger"},{"floor":27,"key":"Boot"}],"event_choices":[{"cards_removed":["Strike_G"],"damage_healed":0,"gold_gain":0,"player_choice":"Card Removal","damage_taken":7,"max_hp_gain":0,"max_hp_loss":0,"event_name":"Golden Wing","floor":2,"gold_loss":0},{"damage_healed":0,"gold_gain":0,"player_choice":"Left Gold","damage_taken":0,"max_hp_gain":0,"max_hp_loss":0,"event_name":"World of Goop","floor":5,"gold_loss":38},{"damage_healed":22,"gold_gain":0,"player_choice":"Banana","damage_taken":0,"max_hp_gain":0,"max_hp_loss":0,"event_name":"Big Fish","floor":8,"gold_loss":0},{"damage_healed":0,"gold_gain":0,"player_choice":"Shed Blood","damage_taken":23,"max_hp_gain":5,"max_hp_loss":0,"event_name":"Forgotten Altar","floor":19,"gold_loss":0},{"damage_healed":0,"gold_gain":0,"player_choice":"Forge","damage_taken":0,"max_hp_gain":0,"max_hp_loss":0,"event_name":"Accursed Blacksmith","floor":20,"gold_loss":0,"cards_upgraded":["Bullet Time"]},{"damage_healed":0,"gold_gain":0,"player_choice":"Obtained Relic","damage_taken":0,"relics_obtained":["Pear"],"max_hp_gain":0,"max_hp_loss":0,"event_name":"Addict","floor":24,"gold_loss":85},{"damage_healed":0,"gold_gain":0,"player_choice":"Gave Potion","damage_taken":0,"relics_obtained":["Pen Nib"],"max_hp_gain":0,"max_hp_loss":0,"event_name":"WeMeetAgain","floor":28,"gold_loss":0},{"damage_healed":0,"gold_gain":0,"player_choice":"Max HP","damage_taken":0,"max_hp_gain":0,"max_hp_loss":4,"event_name":"Winding Halls","floor":37,"gold_loss":0}],"is_beta":false,"boss_relics":[{"not_picked":["Empty Cage","Fusion Hammer"],"picked":"Astrolabe"},{"not_picked":["Pandora\u0027s Box","Velvet Choker"],"picked":"Tiny House"}],"items_purged_floors":[],"is_endless":false,"potions_floor_spawned":[4,11,13,21,22,27,31,35],"killed_by":"Spire Growth","ascension_level":20,"potion_discard_per_floor":[[],[],[],[],[],[],[],[],[],[],[],[],[],[],[],[],[],[],[],[],[],[],[],[],[],[],[],[],[],[],[],[],[],[],[],[],[],[]]}