{"neow_bonuses_skipped_log":["TRANSFORM_CARD","RANDOM_COLORLESS_2","BOSS_RELIC"],"neow_costs_skipped_log":["NONE","CURSE","NONE"],"gold_per_floor":[116,131,150,160,179,179,208,220,267,267,299,299,332,332,332,406,406,417,417,62,81,81,81,81,112,136,136],"floor_reached":27,"playtime":2985,"items_purged":["Strike_G"],"score":552,"play_id":"70852b5d-361f-404e-9e10-97340abc4a05","local_time":"20220625130711","score_breakdown":["Floors Climbed (27): 135","Enemies Slain (8): 16","Exordium Elites Killed (3): 30","City Elites Killed (1): 20","Bosses Slain (1): 50","Champion (1): 25","Ascension (20): 276"],"is_ascension_mode":true,"campfire_choices":[{"data":"Flechettes","floor":6,"key":"SMITH"},{"data":"Bouncing Flask","floor":12,"key":"SMITH"},{"data":"Crippling Poison","floor":15,"key":"SMITH"},{"data":"Bullet Time","floor":23,"key":"SMITH"},{"data":"Catalyst","floor":24,"key":"SMITH"}],"neow_cost":"NONE","seed_source_timestamp":3643624247385100,"shop_contents":[{"floor":20,"relics":["Lantern","Chemical X"],"cards":["Dash","Poisoned Stab","Leg Sweep","Dramatic Entrance","Thinking Ahead"],"potions":["Energy Potion","GamblersBrew","PowerPotion"]}],"circlet_count":0,"master_deck":["AscendersBane","Strike_G","Strike_G","Strike_G","Defend_G","Defend_G","Defend_G","Defend_G","Defend_G","Survivor","Neutralize","Crippling Poison+1","Deadly Poison","Flechettes+1","Bouncing Flask+1","Bouncing Flask","Unload","Expertise+1","Bullet Time+1","Catalyst+1","Footwork+1","Acrobatics+1","Ghostly","Ghostly","Ghostly"],"potion_use_per_floor":[[],[],[],[],[],[],["Dexterity Potion"],["Weak Potion"],[],[],["CunningPotion"],[],["Block Potion"],[],[],[],[],[],[],[],[],[],[],[],[],[],["SkillPotion"]],"relics":["Ring of the Snake","Art of War","HornCleat","Pen Nib","WingedGreaves","Frozen Egg 2","Black Star","Bag of Preparation","Vajra","Potion Belt"],"potions_floor_usage":[7,8,11,13,27],"damage_taken":[{"damage":9,"enemies":"Cultist","floor":1,"turns":5},{"damage":1,"enemies":"Small Slimes","floor":2,"turns":4},{"damage":1,"enemies":"Jaw Worm","floor":3,"turns":4},{"damage":6,"enemies":"Looter","floor":4,"turns":4},{"damage":7,"enemies":"Lots of Slimes","floor":5,"turns":6},{"damage":1,"enemies":"Lagavulin","floor":7,"turns":7},{"damage":9,"enemies":"Exordium Thugs","floor":8,"turns":4},{"damage":17,"enemies":"3 Sentries","floor":11,"turns":8},{"damage":7,"enemies":"Gremlin Nob","floor":13,"turns":4},{"damage":10,"enemies":"Hexaghost","floor":16,"turns":7},{"damage":9,"enemies":"3 Byrds","floor":18,"turns":6},{"damage":0,"enemies":"Chosen","floor":21,"turns":3},{"damage":0,"enemies":"Gremlin Leader","floor":25,"turns":4},{"damage":41,"enemies":"Slavers","floor":27,"turns":6}],"seed_played":"8592931473634742655","neow_bonus_log":{"cardsObtained":[],"cardsUpgraded":[],"cardsRemoved":[],"cardsTransformed":[],"relicsObtained":["Art of War"],"maxHpGained":0,"goldGained":0,"damageTaken":0,"goldLost":0,"maxHpLost":0},"potions_obtained":[{"floor":3,"key":"Dexterity Potion"},{"floor":5,"key":"Weak Potion"},{"floor":7,"key":"CunningPotion"},{"floor":11,"key":"Block Potion"},{"floor":13,"key":"SkillPotion"}],"is_trial":false,"path_per_floor":["M","M","M","M","M","R","E","M","T","?","E","R","E","?","R","B",null,"M","?","$","M","?","R","R","E","T","E"],"character_chosen":"THE_SILENT","items_purchased":["Catalyst","Footwork+1","Bag of Preparation"],"campfire_rested":0,"item_purchase_floors":[20,20,20],"current_hp_per_floor":[50,49,48,42,35,35,34,25,25,47,30,30,23,16,16,6,51,42,42,42,42,33,33,33,33,33,0],"gold":136,"neow_bonus":"RANDOM_COMMON_RELIC","is_prod":false,"is_daily":false,"rewards_skipped":[],"chose_seed":false,"campfire_upgraded":5,"win_rate":0,"floor_exit_playtime":[320,404,557,626,812,844,1040,1139,1153,1165,1394,1480,1647,1666,1679,1864,2013,2138,2184,2324,2427,2462,2525,2531,2665,2688],"timestamp":1656176831,"blue_key_relic_skipped_log":{"floor":26,"relicID":"Nunchaku"},"path_taken":["M","M","?","M","M","R","E","M","T","?","E","R","E","?","R","BOSS","M","?","$","?","?","R","R","E","T","E"],"build_version":"2022-03-07","purchased_purges":1,"victory":false,"max_hp_per_floor":[66,66,66,66,66,66,66,66,66,66,66,66,66,66,66,66,66,66,66,66,66,33,33,33,33,33,33],"relic_stats":{"counters":[14,72],"Pen Nib":[4],"WingedGreaves":1,"Art of War":[23],"Black Star":1,"Bag of Preparation":[6],"obtain_stats":[{"Potion Belt":25,"HornCleat":7,"Vajra":25,"Pen Nib":9,"WingedGreaves":11,"Art of War":0,"Black Star":17,"Bag of Preparation":20,"Frozen Egg 2":13,"Ring of the Snake":0},{"Potion Belt":13,"HornCleat":6,"Vajra":13,"Pen Nib":7,"WingedGreaves":8,"Art of War":0,"Black Star":10,"Bag of Preparation":11,"Frozen Egg 2":9,"Ring of the Snake":0},{"Potion Belt":66,"HornCleat":30,"Vajra":66,"Pen Nib":34,"WingedGreaves":42,"Art of War":0,"Black Star":53,"Bag of Preparation":59,"Frozen Egg 2":46,"Ring of the Snake":0}],"Ring of the Snake":[28]},"card_choices":[{"not_picked":["Dagger Throw","Quick Slash"],"picked":"Crippling Poison","floor":1},{"not_picked":["Footwork","Quick Slash"],"picked":"Deadly Poison","floor":2},{"not_picked":["Concentrate","Accuracy","Dodge and Roll"],"picked":"SKIP","floor":3},{"not_picked":["Concentrate","Accuracy","Dodge and Roll"],"picked":"SKIP","floor":3},{"not_picked":["Slice","Endless Agony"],"picked":"Flechettes","floor":4},{"not_picked":["Finisher","Deadly Poison"],"picked":"Bouncing Flask","floor":5},{"not_picked":["Deflect","Dagger Throw","Dagger Spray"],"picked":"SKIP","floor":7},{"not_picked":["Choke","Backstab"],"picked":"Bouncing Flask","floor":8},{"not_picked":["Finisher","Slice"],"picked":"Unload","floor":11},{"not_picked":["Quick Slash","Skewer"],"picked":"Expertise","floor":13},{"not_picked":["Phantasmal Killer","Unload"],"picked":"Bullet Time","floor":16},{"not_picked":["Underhanded Strike","Masterful Stab","Cloak And Dagger"],"picked":"SKIP","floor":18},{"not_picked":["Endless Agony+1","Quick Slash+1"],"picked":"Acrobatics+1","floor":21},{"not_picked":["Cloak And Dagger","Deadly Poison","Dagger Spray"],"picked":"SKIP","floor":25}],"player_experience":7243907,"relics_obtained":[{"floor":7,"key":"HornCleat"},{"floor":9,"key":"Pen Nib"},{"floor":11,"key":"WingedGreaves"},{"floor":13,"key":"Frozen Egg 2"},{"floor":25,"key":"Vajra"},{"floor":25,"key":"Potion Belt"}],"event_choices":[{"damage_healed":22,"gold_gain":0,"player_choice":"Banana","damage_taken":0,"max_hp_gain":0,"max_hp_loss":0,"event_name":"Big Fish","floor":10,"gold_loss":0},{"cards_removed":["Strike_G"],"damage_healed":0,"gold_gain":0,"player_choice":"Card Removal","damage_taken":7,"max_hp_gain":0,"max_hp_loss":0,"event_name":"Golden Wing","floor":14,"gold_loss":0},{"damage_healed":0,"gold_gain":0,"player_choice":"Forge","damage_taken":0,"max_hp_gain":0,"max_hp_loss":0,"event_name":"Accursed Blacksmith","floor":19,"gold_loss":0,"cards_upgraded":["Expertise"]},{"damage_healed":0,"gold_gain":0,"player_choice":"Became a Ghost","damage_taken":0,"max_hp_gain":0,"max_hp_loss":33,"event_name":"Ghosts","floor":22,"gold_loss":0,"cards_obtained":["Ghostly","Ghostly","Ghostly"]}],"is_beta":false,"boss_relics":[{"not_picked":["Fusion Hammer","WristBlade"],"picked":"Black Star"}],"items_purged_floors":[20],"is_endless":false,"potions_floor_spawned":[3,5,7,11,13],"killed_by":"Slavers","ascension_level":20,"potion_discard_per_floor":[[],[],[],[],[],[],[],[],[],[],[],[],[],[],[],[],[],[],[],[],[],[],[],[],[],[],[]]}