{"neow_bonuses_skipped_log":["THREE_CARDS","TWENTY_PERCENT_HP_BONUS","BOSS_RELIC"],"neow_costs_skipped_log":["NONE","NO_GOLD","NONE"],"gold_per_floor":[111,261,261,261,275,275,318,30,30,53,94,169,200,223,223,313,313,336,336,251,272,34,34,67,90,90,131,131,155,155,205,205,301,301,314,95,116,131,157,157,192,192,192,192,226,226,265,50,50,50,50,50,50,0,36,36],"floor_reached":57,"playtime":3879,"items_purged":["Defend_G","Strike_G","Strike_G","Defend_G"],"score":3209,"play_id":"ecc89d42-1c69-4966-89a4-0e0db723af0f","local_time":"20220625141227","score_breakdown":["Floors Climbed (57): 285","Enemies Slain (11): 22","Exordium Elites Killed (3): 30","City Elites Killed (2): 40","Beyond Elites Killed (3): 90","Bosses Slain (5): 750","I Like Shiny: 50","Money Money (1032): 25","Champion (4): 100","Perfect (2): 100","C-c-c-combo: 25","Ascension (20): 1442","Heartbreaker: 250"],"is_ascension_mode":true,"campfire_choices":[{"data":"Blade Dance","floor":6,"key":"SMITH"},{"data":"Accuracy","floor":15,"key":"SMITH"},{"data":"Terror","floor":23,"key":"SMITH"},{"data":"Well Laid Plans","floor":30,"key":"SMITH"},{"data":"Calculated Gamble","floor":32,"key":"SMITH"},{"data":"Outmaneuver","floor":40,"key":"SMITH"},{"floor":42,"key":"RECALL"},{"floor":46,"key":"REST"},{"data":"Bullet Time","floor":49,"key":"SMITH"},{"data":"Prepared","floor":53,"key":"SMITH"}],"neow_cost":"NONE","seed_source_timestamp":3646623514561400,"shop_contents":[{"floor":8,"relics":["Bag of Marbles","Lee\u0027s Waffle"],"cards":["Endless Agony","Poisoned Stab","Blur","Finesse","Sadistic Nature"],"potions":["Block Potion","Swift Potion","DuplicationPotion"]},{"floor":22,"relics":["Blood Vial","Frozen Egg 2","Chemical X"],"cards":["Slice","Finisher","Backflip","Infinite Blades","Mayhem"],"potions":["Ancient Potion","GamblersBrew","CultistPotion"]},{"floor":36,"relics":["Strawberry","Lizard Tail"],"cards":["All Out Attack","Backstab","Dodge and Roll","Deflect","Infinite Blades","Forethought","Secret Weapon"],"potions":["CunningPotion","Weak Potion","LiquidMemories"]},{"floor":48,"relics":["MealTicket","CeramicFish"],"cards":["Underhanded Strike+1","Flying Knee+1","Blade Dance","Catalyst","Infinite Blades","Panacea","Sadistic Nature"],"potions":["Block Potion","LiquidMemories","AttackPotion"]},{"floor":54,"relics":["Pear","Bottled Lightning","Frozen Eye"],"cards":["Dagger Spray+1","Slice+1","Calculated Gamble","Deflect","Accuracy","PanicButton","Violence"],"potions":["SpeedPotion","Dexterity Potion","EssenceOfSteel"]}],"circlet_count":0,"master_deck":["AscendersBane","Defend_G","Defend_G","Defend_G","Survivor","Neutralize","Leg Sweep","Blade Dance+1","Terror+1","Accuracy+1","Bouncing Flask","Blade Dance","Dagger Throw","Backflip","Bane+1","Slice+1","Backflip+1","Prepared+1","Calculated Gamble+1","Dark Shackles","Blade Dance","Deflect+1","Well Laid Plans+1","Acrobatics+1","Envenom","Bouncing Flask+1","Outmaneuver+1","PanicButton","Bullet Time+1","Turbo","Leap+1"],"potion_use_per_floor":[[],[],[],[],[],[],[],[],[],[],[],[],[],[],[],[],[],[],[],[],[],[],[],["CunningPotion"],[],[],[],[],[],[],[],[],[],[],[],[],[],[],[],[],[],[],[],[],["Energy Potion"],[],[],[],[],[],[],[],[],[],["SteroidPotion"],["SpeedPotion"],[]],"relics":["Ring of the Snake","NeowsBlessing","Golden Idol","Snake Skull","Vajra","StrikeDummy","Smiling Mask","Tough Bandages","Astrolabe","Anchor","Turnip","Mango","Tiny Chest","Gremlin Horn","Black Star","PrismaticShard","Centennial Puzzle","Molten Egg 2","Pantograph","Incense Burner","Dead Branch","Bronze Scales","Paper Crane","ClockworkSouvenir","Toy Ornithopter","Akabeko"],"potions_floor_usage":[24,45,55,56],"damage_taken":[{"damage":0,"enemies":"Small Slimes","floor":1,"turns":1},{"damage":0,"enemies":"Jaw Worm","floor":5,"turns":1},{"damage":0,"enemies":"Lagavulin","floor":7,"turns":1},{"damage":0,"enemies":"2 Louse","floor":10,"turns":2},{"damage":6,"enemies":"3 Sentries","floor":11,"turns":8},{"damage":0,"enemies":"Lagavulin","floor":13,"turns":5},{"damage":0,"enemies":"Blue Slaver","floor":14,"turns":4},{"damage":0,"enemies":"Slime Boss","floor":16,"turns":5},{"damage":1,"enemies":"3 Byrds","floor":18,"turns":5},{"damage":7,"enemies":"Chosen","floor":21,"turns":3},{"damage":0,"enemies":"Slavers","floor":24,"turns":3},{"damage":5,"enemies":"3 Cultists","floor":25,"turns":4},{"damage":12,"enemies":"Book of Stabbing","floor":27,"turns":4},{"damage":12,"enemies":"Snecko","floor":29,"turns":4},{"damage":27,"enemies":"Collector","floor":33,"turns":6},{"damage":0,"enemies":"Orb Walker","floor":35,"turns":2},{"damage":0,"enemies":"3 Darklings","floor":37,"turns":3},{"damage":0,"enemies":"4 Shapes","floor":38,"turns":4},{"damage":9,"enemies":"Nemesis","floor":41,"turns":5},{"damage":25,"enemies":"Giant Head","floor":45,"turns":7},{"damage":0,"enemies":"Nemesis","floor":47,"turns":5},{"damage":7,"enemies":"Donu and Deca","floor":50,"turns":10},{"damage":2,"enemies":"Awakened One","floor":51,"turns":13},{"damage":1,"enemies":"Shield and Spear","floor":55,"turns":3},{"damage":0,"enemies":"The Heart","floor":56,"turns":10}],"seed_played":"1649470343328392792","neow_bonus_log":{"cardsObtained":[],"cardsUpgraded":[],"cardsRemoved":[],"cardsTransformed":[],"relicsObtained":["NeowsBlessing"],"maxHpGained":0,"goldGained":0,"damageTaken":0,"goldLost":0,"maxHpLost":0},"potions_obtained":[{"floor":1,"key":"FairyPotion"},{"floor":7,"key":"CunningPotion"},{"floor":35,"key":"Energy Potion"},{"floor":45,"key":"SteroidPotion"},{"floor":55,"key":"SpeedPotion"}],"is_trial":false,"path_per_floor":["M","?","?","?","M","R","E","$","T","M","E","?","E","M","R","B",null,"M","?","?","M","$","R","E","M","T","E","T","M","R","?","R","B",null,"M","$","M","M","T","R","E","R","T","?","E","R","E","$","R","B","B",null,"R","$","E","B",null],"character_chosen":"THE_SILENT","items_purchased":["Vajra","Accuracy","Bouncing Flask","Calculated Gamble","Dark Shackles","PrismaticShard","ClockworkSouvenir"],"campfire_rested":1,"item_purchase_floors":[8,8,8,22,22,36,48],"current_hp_per_floor":[59,59,59,59,59,59,59,59,59,59,53,42,42,42,42,42,56,55,55,55,48,48,48,48,43,57,45,45,33,33,33,33,6,57,57,57,57,57,57,57,48,48,48,48,23,44,44,44,44,62,68,70,70,70,69,70],"gold":36,"neow_bonus":"THREE_ENEMY_KILL","is_prod":false,"is_daily":false,"rewards_skipped":[{"floor":10,"relics":[],"potions":["SteroidPotion"]},{"floor":14,"relics":[],"potions":["SkillPotion"]},{"floor":18,"relics":[],"potions":["AttackPotion"]},{"floor":21,"relics":[],"potions":["EssenceOfSteel"]},{"floor":38,"relics":[],"potions":["Fire Potion"]}],"chose_seed":false,"campfire_upgraded":8,"win_rate":0,"floor_exit_playtime":[45,52,62,82,91,100,117,159,166,213,300,304,380,432,439,555,656,750,811,815,915,976,1030,1163,1240,1262,1335,1342,1417,1433,1440,1446,1709,1774,1821,1875,1965,2056,2065,2076,2195,2200,2211,2214,2390,2393,2520,2578,2602,2904,3307,3328,3348,3368,3563,3879],"timestamp":1656180747,"blue_key_relic_skipped_log":{"floor":43,"relicID":"Shuriken"},"path_taken":["M","?","?","?","M","R","E","$","T","M","E","?","E","M","R","BOSS","M","?","?","M","$","R","E","M","T","E","?","?","R","?","R","BOSS","M","$","M","M","?","R","E","R","T","?","E","R","E","$","R","BOSS","BOSS","R","$","E","BOSS"],"build_version":"2022-03-07","purchased_purges":4,"victory":true,"max_hp_per_floor":[66,66,66,60,60,60,60,60,60,60,60,60,60,60,60,60,60,60,60,60,60,60,60,60,60,74,74,74,74,74,74,74,74,74,74,74,74,74,74,74,74,74,74,70,70,70,70,70,70,70,70,70,70,70,70,70],"relic_stats":{"Gremlin Horn":[15,15],"counters":[25,118],"Golden Idol":204,"Astrolabe":["Bane","Slice","Backflip"],"Dead Branch":[133],"Snake Skull":[219],"Smiling Mask":250,"Tough Bandages":[600],"Centennial Puzzle":[15],"Pantograph":34,"Bronze Scales":[261],"Tiny Chest":1,"Turnip":[7],"Black Star":4,"obtain_stats":[{"Gremlin Horn":28,"Vajra":8,"Mango":26,"Snake Skull":7,"Incense Burner":45,"Smiling Mask":11,"PrismaticShard":36,"ClockworkSouvenir":48,"Tough Bandages":13,"Centennial Puzzle":39,"Pantograph":41,"Tiny Chest":27,"Ring of the Snake":0,"NeowsBlessing":0,"Golden Idol":4,"Astrolabe":17,"Dead Branch":45,"Paper Crane":47,"Akabeko":55,"Anchor":20,"Bronze Scales":47,"Molten Egg 2":41,"Turnip":24,"Black Star":34,"StrikeDummy":9,"Toy Ornithopter":55},{"Gremlin Horn":13,"Vajra":3,"Mango":12,"Snake Skull":3,"Incense Burner":20,"Smiling Mask":5,"PrismaticShard":16,"ClockworkSouvenir":21,"Tough Bandages":6,"Centennial Puzzle":18,"Pantograph":19,"Tiny Chest":13,"Ring of the Snake":0,"NeowsBlessing":0,"Golden Idol":1,"Astrolabe":8,"Dead Branch":20,"Paper Crane":21,"Akabeko":24,"Anchor":9,"Bronze Scales":21,"Molten Egg 2":19,"Turnip":11,"Black Star":15,"StrikeDummy":3,"Toy Ornithopter":24},{"Gremlin Horn":46,"Vajra":3,"Mango":42,"Snake Skull":3,"Incense Burner":77,"Smiling Mask":13,"PrismaticShard":58,"ClockworkSouvenir":82,"Tough Bandages":18,"Centennial Puzzle":65,"Pantograph":70,"Tiny Chest":46,"Ring of the Snake":0,"NeowsBlessing":0,"Golden Idol":1,"Astrolabe":27,"Dead Branch":77,"Paper Crane":82,"Akabeko":108,"Anchor":32,"Bronze Scales":82,"Molten Egg 2":70,"Turnip":38,"Black Star":56,"StrikeDummy":3,"Toy Ornithopter":108}],"Toy Ornithopter":0,"Ring of the Snake":[50]},"card_choices":[{"not_picked":["Dodge and Roll","Flying Knee"],"picked":"Leg Sweep","floor":1},{"not_picked":["Quick Slash","Dagger Throw"],"picked":"Blade Dance","floor":5},{"not_picked":["Crippling Poison","Poisoned Stab"],"picked":"Terror","floor":7},{"not_picked":["PiercingWail","Catalyst"],"picked":"Blade Dance","floor":10},{"not_picked":["Masterful Stab","Terror","Dagger Throw"],"picked":"SKIP","floor":11},{"not_picked":["Quick Slash","Deadly Poison"],"picked":"Dagger Throw","floor":13},{"not_picked":["Deflect","Poisoned Stab"],"picked":"Backflip","floor":14},{"not_picked":["Caltrops","Sucker Punch"],"picked":"Prepared","floor":18},{"not_picked":["Quick Slash","Backflip","Catalyst"],"picked":"SKIP","floor":21},{"not_picked":["Escape Plan","Poisoned Stab"],"picked":"Blade Dance","floor":24},{"not_picked":["Slice","Quick Slash"],"picked":"Deflect+1","floor":25},{"not_picked":["Deadly Poison","Outmaneuver"],"picked":"Well Laid Plans","floor":27},{"not_picked":["Bane","Poisoned Stab"],"picked":"Acrobatics+1","floor":29},{"not_picked":["Venomology","Bullet Time"],"picked":"Envenom","floor":33},{"not_picked":["Prepared","All Out Attack"],"picked":"Bouncing Flask+1","floor":35},{"not_picked":["Battle Trance","Dodge and Roll+1"],"picked":"Outmaneuver","floor":37},{"not_picked":["Thunderclap","Blade Dance"],"picked":"PanicButton","floor":38},{"not_picked":["Blade Dance+1","ConjureBlade","Barrage+1"],"picked":"SKIP","floor":41},{"not_picked":["Good Instincts+1","Whirlwind+1"],"picked":"Bullet Time","floor":45},{"not_picked":["Cold Snap+1","Barrage+1"],"picked":"Turbo","floor":47},{"not_picked":["Jack Of All Trades","Scrape+1"],"picked":"Leap+1","floor":55}],"player_experience":7246892,"relics_obtained":[{"floor":7,"key":"Snake Skull"},{"floor":9,"key":"StrikeDummy"},{"floor":11,"key":"Smiling Mask"},{"floor":13,"key":"Tough Bandages"},{"floor":24,"key":"Turnip"},{"floor":26,"key":"Mango"},{"floor":27,"key":"Tiny Chest"},{"floor":28,"key":"Gremlin Horn"},{"floor":39,"key":"Centennial Puzzle"},{"floor":41,"key":"Molten Egg 2"},{"floor":41,"key":"Pantograph"},{"floor":45,"key":"Incense Burner"},{"floor":45,"key":"Dead Branch"},{"floor":47,"key":"Bronze Scales"},{"floor":47,"key":"Paper Crane"},{"floor":55,"key":"Toy Ornithopter"},{"floor":55,"key":"Akabeko"}],"event_choices":[{"damage_healed":0,"gold_gain":150,"player_choice":"AGREE","damage_taken":0,"max_hp_gain":0,"max_hp_loss":0,"event_name":"Liars Game","floor":2,"gold_loss":0,"cards_obtained":["Doubt"]},{"cards_removed":["Doubt"],"damage_healed":0,"gold_gain":0,"player_choice":"Forget","damage_taken":0,"max_hp_gain":0,"max_hp_loss":0,"event_name":"Living Wall","floor":3,"gold_loss":0},{"damage_healed":0,"gold_gain":0,"player_choice":"Lose Max HP","damage_taken":0,"relics_obtained":["Golden Idol"],"max_hp_gain":0,"max_hp_loss":6,"event_name":"Golden Idol","floor":4,"gold_loss":0},{"damage_healed":0,"gold_gain":75,"player_choice":"Gather Gold","damage_taken":11,"max_hp_gain":0,"max_hp_loss":0,"event_name":"World of Goop","floor":12,"gold_loss":0},{"damage_healed":0,"gold_gain":0,"player_choice":"Ignored","damage_taken":0,"max_hp_gain":0,"max_hp_loss":0,"event_name":"Cursed Tome","floor":19,"gold_loss":0},{"damage_healed":0,"gold_gain":0,"player_choice":"Obtained Relic","damage_taken":0,"relics_obtained":["Anchor"],"max_hp_gain":0,"max_hp_loss":0,"event_name":"Addict","floor":20,"gold_loss":85},{"damage_healed":0,"gold_gain":50,"player_choice":"Stole From Cult","damage_taken":0,"max_hp_gain":0,"max_hp_loss":0,"event_name":"Nest","floor":31,"gold_loss":0},{"damage_healed":0,"gold_gain":0,"player_choice":"Max HP","damage_taken":0,"max_hp_gain":0,"max_hp_loss":4,"event_name":"Winding Halls","floor":44,"gold_loss":0}],"is_beta":false,"boss_relics":[{"not_picked":["Ectoplasm","Ring of the Serpent"],"picked":"Astrolabe"},{"not_picked":["SacredBark","Snecko Eye"],"picked":"Black Star"}],"items_purged_floors":[22,36,48,54],"is_endless":false,"potions_floor_spawned":[1,7,10,14,18,21,35,38,45,55],"ascension_level":20,"potion_discard_per_floor":[[],[],[],[],[],[],[],[],[],[],[],[],[],[],[],[],[],[],[],[],[],[],[],[],[],[],[],[],[],[],[],[],[],[],[],[],[],[],[],[],[],[],[],[],[],[],[],[],[],[],[],[],[],[],[],[],[]]}