{"neow_bonuses_skipped_log":["THREE_CARDS","TEN_PERCENT_HP_BONUS","BOSS_RELIC"],"neow_costs_skipped_log":["NONE","NONE","NONE"],"gold_per_floor":[362,33,33,53,71,105,120,150,200,200,216,226,226,253,253,324,324,283,283,298,64,82,109,109,128,202,302,302,327,345,369,369,445,445,461,461,475,489,507,507,532,532,532,549,549,578,596,615,615,615,615],"floor_reached":51,"playtime":5083,"items_purged":["Strike_G","Strike_G"],"score":1617,"play_id":"1dbb4750-a3a0-4410-b169-c992bc6447ea","local_time":"20220623153801","score_breakdown":["Floors Climbed (51): 255","Enemies Slain (18): 36","Exordium Elites Killed (3): 30","City Elites Killed (2): 40","Beyond Elites Killed (2): 60","Bosses Slain (3): 300","Money Money (1179): 25","Champion (1): 25","Perfect (1): 50","Ascension (20): 796"],"is_ascension_mode":true,"campfire_choices":[{"data":"Apotheosis","floor":10,"key":"SMITH"},{"floor":13,"key":"REST"},{"data":"All Out Attack","floor":15,"key":"SMITH"},{"floor":24,"key":"REST"},{"floor":28,"key":"REST"},{"floor":32,"key":"REST"},{"floor":40,"key":"RECALL"},{"data":"Terror","floor":42,"key":"SMITH"},{"data":"Tools of the Trade","floor":49,"key":"SMITH"}],"neow_cost":"TEN_PERCENT_HP_LOSS","seed_source_timestamp":3477777942762800,"shop_contents":[{"floor":2,"relics":["Question Card","Boot","OrangePellets"],"cards":["Poisoned Stab","Catalyst","Deflect","Caltrops","Dramatic Entrance"],"potions":["SmokeBomb","Swift Potion","FairyPotion"]},{"floor":21,"relics":["Matryoshka","Thread and Needle","TheAbacus"],"cards":["Underhanded Strike","Endless Agony","Venomology","Caltrops","Mind Blast","Secret Weapon"],"potions":["ColorlessPotion","Ancient Potion"]}],"circlet_count":0,"master_deck":["AscendersBane","Defend_G","Defend_G","Defend_G","Defend_G","Defend_G","Survivor","Neutralize","All Out Attack+1","Apotheosis+1","Skewer","Backflip","Endless Agony","Quick Slash","Crippling Poison","Deflect","Burst","Dodge and Roll+1","Burst+1","Caltrops+1","Deadly Poison+1","Prepared","Tactician","Acrobatics+1","Outmaneuver","Eviscerate+1","Prepared","Malaise","Terror+1","Calculated Gamble","Tactician","Tools of the Trade+1","Acrobatics","Deadly Poison"],"potion_use_per_floor":[[],[],[],[],[],["Poison Potion"],[],[],[],[],[],[],[],[],[],["LiquidMemories","Explosive Potion"],[],[],[],[],[],[],["SkillPotion"],[],["Regen Potion","Fire Potion"],[],["CunningPotion"],[],["DistilledChaos"],[],[],[],[],[],[],[],[],[],[],[],[],[],[],[],[],[],[],[],[],[],["GamblersBrew"]],"relics":["Ring of the Snake","Ginger","Bottled Flame","Vajra","Blood Vial","Astrolabe","Pantograph","Bottled Lightning","Calipers","Singing Bowl","Omamori","Bag of Marbles","Coffee Dripper","Nunchaku","Unceasing Top"],"potions_floor_usage":[6,16,16,23,25,25,27,29,51],"damage_taken":[{"damage":4,"enemies":"Small Slimes","floor":1,"turns":4},{"damage":0,"enemies":"Jaw Worm","floor":4,"turns":4},{"damage":0,"enemies":"2 Louse","floor":5,"turns":2},{"damage":26,"enemies":"3 Sentries","floor":6,"turns":7},{"damage":8,"enemies":"Blue Slaver","floor":7,"turns":4},{"damage":0,"enemies":"Lagavulin","floor":8,"turns":9},{"damage":11,"enemies":"Large Slime","floor":11,"turns":4},{"damage":0,"enemies":"Lots of Slimes","floor":12,"turns":1},{"damage":5,"enemies":"3 Sentries","floor":14,"turns":6},{"damage":21,"enemies":"Hexaghost","floor":16,"turns":11},{"damage":11,"enemies":"2 Thieves","floor":18,"turns":5},{"damage":0,"enemies":"Chosen","floor":20,"turns":5},{"damage":5,"enemies":"Centurion and Healer","floor":22,"turns":8},{"damage":25,"enemies":"Book of Stabbing","floor":23,"turns":5},{"damage":8,"enemies":"Cultist and Chosen","floor":25,"turns":5},{"damage":1,"enemies":"Colosseum Slavers","floor":27,"turns":4},{"damage":35,"enemies":"Colosseum Nobs","floor":27,"turns":5},{"damage":2,"enemies":"Slavers","floor":29,"turns":3},{"damage":18,"enemies":"Snecko","floor":30,"turns":4},{"damage":0,"enemies":"Collector","floor":33,"turns":7},{"damage":7,"enemies":"3 Darklings","floor":35,"turns":5},{"damage":0,"enemies":"Orb Walker","floor":37,"turns":3},{"damage":10,"enemies":"Transient","floor":38,"turns":6},{"damage":9,"enemies":"3 Darklings","floor":39,"turns":3},{"damage":3,"enemies":"Giant Head","floor":41,"turns":6},{"damage":7,"enemies":"Sphere and 2 Shapes","floor":44,"turns":4},{"damage":1,"enemies":"Nemesis","floor":46,"turns":7},{"damage":1,"enemies":"4 Shapes","floor":47,"turns":7},{"damage":11,"enemies":"3 Darklings","floor":48,"turns":4},{"damage":16,"enemies":"Donu and Deca","floor":50,"turns":13},{"damage":80,"enemies":"Time Eater","floor":51,"turns":13}],"seed_played":"1744593486855119521","neow_bonus_log":{"cardsObtained":[],"cardsUpgraded":[],"cardsRemoved":[],"cardsTransformed":[],"relicsObtained":[],"maxHpGained":0,"goldGained":250,"damageTaken":0,"goldLost":0,"maxHpLost":6},"potions_obtained":[{"floor":1,"key":"Poison Potion"},{"floor":6,"key":"Dexterity Potion"},{"floor":12,"key":"LiquidMemories"},{"floor":14,"key":"Explosive Potion"},{"floor":20,"key":"Fire Potion"},{"floor":23,"key":"Regen Potion"},{"floor":25,"key":"CunningPotion"},{"floor":27,"key":"DistilledChaos"},{"floor":37,"key":"GamblersBrew"},{"floor":41,"key":"DuplicationPotion"}],"is_trial":false,"path_per_floor":["M","$","?","M","M","E","M","E","T","R","M","M","R","E","R","B",null,"M","?","M","$","M","E","R","M","T","?","R","E","M","T","R","B",null,"M","?","M","M","M","R","E","R","T","M","?","E","M","M","R","B","B"],"character_chosen":"THE_SILENT","items_purchased":["Apotheosis","Skewer","Tactician","SkillPotion"],"campfire_rested":4,"item_purchase_floors":[2,2,21,21],"current_hp_per_floor":[55,55,60,60,60,34,26,26,26,26,15,15,34,29,29,10,51,42,42,44,44,41,18,37,46,46,14,33,35,19,19,39,66,67,62,62,64,58,53,53,54,54,54,49,49,50,51,42,42,53,0],"gold":615,"neow_bonus":"TWO_FIFTY_GOLD","is_prod":false,"is_daily":false,"rewards_skipped":[{"floor":46,"relics":[],"potions":["LiquidBronze"]},{"floor":48,"relics":[],"potions":["LiquidMemories"]}],"chose_seed":false,"campfire_upgraded":4,"win_rate":0,"floor_exit_playtime":[171,257,263,334,397,519,572,717,730,737,809,836,840,933,955,1181,1349,1467,1474,1551,1741,1899,2109,2113,2331,2353,2645,2651,2747,2824,2868,2874,3132,3185,3366,3421,3487,3604,3680,3684,3839,3854,3860,3998,4022,4150,4253,4383,4388,4764],"timestamp":1656013081,"blue_key_relic_skipped_log":{"floor":43,"relicID":"Snake Skull"},"path_taken":["M","$","?","M","M","E","M","E","T","R","M","M","R","E","R","BOSS","M","?","M","$","M","E","R","M","T","?","R","E","M","?","R","BOSS","M","?","?","M","M","R","E","R","T","M","?","E","?","M","R","BOSS","BOSS"],"build_version":"2022-03-07","purchased_purges":2,"victory":false,"max_hp_per_floor":[60,60,65,65,65,65,65,65,65,65,65,65,65,65,65,65,65,65,65,65,65,65,65,65,65,65,65,65,67,67,67,67,67,67,69,69,69,71,73,73,75,75,75,75,75,75,75,75,75,75,75],"relic_stats":{"Calipers":[86],"Singing Bowl":10,"counters":[31,174],"Astrolabe":["Dodge and Roll","Burst","Caltrops"],"Omamori":0,"Ginger":[27],"Blood Vial":40,"Bottled Flame":"All Out Attack","Nunchaku":[6],"Pantograph":72,"Bottled Lightning":"Apotheosis","obtain_stats":[{"Calipers":27,"Singing Bowl":27,"Astrolabe":17,"Vajra":9,"Omamori":29,"Ginger":6,"Blood Vial":14,"Bottled Flame":8,"Nunchaku":41,"Pantograph":23,"Bag of Marbles":31,"Coffee Dripper":34,"Bottled Lightning":26,"Unceasing Top":46,"Ring of the Snake":0},{"Calipers":17,"Singing Bowl":17,"Astrolabe":10,"Vajra":6,"Omamori":18,"Ginger":4,"Blood Vial":9,"Bottled Flame":6,"Nunchaku":25,"Pantograph":14,"Bag of Marbles":19,"Coffee Dripper":20,"Bottled Lightning":15,"Unceasing Top":27,"Ring of the Snake":0},{"Calipers":89,"Singing Bowl":89,"Astrolabe":52,"Vajra":30,"Omamori":92,"Ginger":17,"Blood Vial":41,"Bottled Flame":30,"Nunchaku":126,"Pantograph":75,"Bag of Marbles":96,"Coffee Dripper":103,"Bottled Lightning":80,"Unceasing Top":137,"Ring of the Snake":0}],"Unceasing Top":[16],"Ring of the Snake":[63]},"card_choices":[{"not_picked":["Predator","Blade Dance"],"picked":"All Out Attack","floor":1},{"not_picked":["Outmaneuver","Expertise"],"picked":"Backflip","floor":4},{"not_picked":["Outmaneuver","Blade Dance"],"picked":"Endless Agony","floor":5},{"not_picked":["Acrobatics","Catalyst"],"picked":"Quick Slash","floor":6},{"not_picked":["Bullet Time","Sucker Punch"],"picked":"Crippling Poison","floor":8},{"not_picked":["Infinite Blades","Crippling Poison"],"picked":"Deflect","floor":11},{"not_picked":["Poisoned Stab","Dagger Throw","Bane"],"picked":"SKIP","floor":12},{"not_picked":["Prepared","Deflect","Backflip"],"picked":"SKIP","floor":14},{"not_picked":["Grand Finale","Storm of Steel"],"picked":"Burst","floor":16},{"not_picked":["Noxious Fumes","Backflip"],"picked":"Deadly Poison+1","floor":18},{"not_picked":["Acrobatics","Backflip"],"picked":"Prepared","floor":20},{"not_picked":["Choke","Blade Dance"],"picked":"Acrobatics+1","floor":22},{"not_picked":["Night Terror","Accuracy+1","Distraction"],"picked":"SKIP","floor":23},{"not_picked":["Sucker Punch","Dodge and Roll+1"],"picked":"Outmaneuver","floor":25},{"not_picked":["Cloak And Dagger","Dagger Spray"],"picked":"Eviscerate+1","floor":27},{"not_picked":["Grand Finale","Deflect+1","Infinite Blades+1"],"picked":"Singing Bowl","floor":29},{"not_picked":["Acrobatics","Slice"],"picked":"Prepared","floor":30},{"not_picked":["Venomology","Doppelganger"],"picked":"Malaise","floor":33},{"not_picked":["Deadly Poison","Deflect","Dagger Throw"],"picked":"Singing Bowl","floor":35},{"not_picked":["Deflect","Dodge and Roll"],"picked":"Terror","floor":37},{"not_picked":["Blade Dance","Cloak And Dagger","Poisoned Stab+1"],"picked":"Singing Bowl","floor":38},{"not_picked":["Flying Knee+1","Dagger Throw+1","Cloak And Dagger"],"picked":"Singing Bowl","floor":39},{"not_picked":["Cloak And Dagger","Quick Slash","Sucker Punch"],"picked":"Singing Bowl","floor":41},{"not_picked":["Sucker Punch+1","Deadly Poison"],"picked":"Calculated Gamble","floor":44},{"not_picked":["Bullet Time","Deflect"],"picked":"Tools of the Trade","floor":46},{"not_picked":["Dodge and Roll","Outmaneuver"],"picked":"Acrobatics","floor":47},{"not_picked":["Infinite Blades","Sucker Punch"],"picked":"Deadly Poison","floor":48}],"player_experience":7235425,"relics_obtained":[{"floor":6,"key":"Ginger"},{"floor":8,"key":"Bottled Flame"},{"floor":9,"key":"Vajra"},{"floor":14,"key":"Blood Vial"},{"floor":23,"key":"Pantograph"},{"floor":26,"key":"Bottled Lightning"},{"floor":27,"key":"Calipers"},{"floor":27,"key":"Singing Bowl"},{"floor":29,"key":"Omamori"},{"floor":31,"key":"Bag of Marbles"},{"floor":41,"key":"Nunchaku"},{"floor":46,"key":"Unceasing Top"}],"event_choices":[{"damage_healed":0,"gold_gain":0,"player_choice":"Donut","damage_taken":0,"max_hp_gain":5,"max_hp_loss":0,"event_name":"Big Fish","floor":3,"gold_loss":0},{"damage_healed":0,"gold_gain":0,"player_choice":"Ignored","damage_taken":0,"max_hp_gain":0,"max_hp_loss":0,"event_name":"The Mausoleum","floor":19,"gold_loss":0},{"damage_healed":0,"gold_gain":0,"player_choice":"Fight","damage_taken":0,"max_hp_gain":0,"max_hp_loss":0,"event_name":"Colosseum","floor":27,"gold_loss":0},{"damage_healed":0,"gold_gain":0,"player_choice":"Fought Nobs","damage_taken":0,"max_hp_gain":0,"max_hp_loss":0,"event_name":"Colosseum","floor":27,"gold_loss":0},{"damage_healed":0,"gold_gain":0,"player_choice":"Ignored","damage_taken":0,"max_hp_gain":0,"max_hp_loss":0,"event_name":"Accursed Blacksmith","floor":36,"gold_loss":0},{"damage_healed":0,"gold_gain":0,"player_choice":"Copied","damage_taken":0,"max_hp_gain":0,"max_hp_loss":0,"event_name":"Duplicator","floor":45,"gold_loss":0,"cards_obtained":["Tactician"]}],"is_beta":false,"boss_relics":[{"not_picked":["HoveringKite","Empty Cage"],"picked":"Astrolabe"},{"not_picked":["Busted Crown","Pandora\u0027s Box"],"picked":"Coffee Dripper"}],"items_purged_floors":[2,21],"is_endless":false,"potions_floor_spawned":[1,6,12,14,20,23,25,27,37,41,46,48],"killed_by":"Time Eater","ascension_level":20,"potion_discard_per_floor":[[],[],[],[],[],[],[],[],[],[],[],[],[],["Dexterity Potion"],[],[],[],[],[],[],[],[],[],[],[],[],[],[],[],[],[],[],[],[],[],[],[],[],[],[],[],[],[],[],[],[],[],[],[],[],[]]}