{"neow_bonuses_skipped_log":["THREE_CARDS","THREE_ENEMY_KILL","BOSS_RELIC"],"neow_costs_skipped_log":["NONE","NONE","NONE"],"gold_per_floor":[111,122,197,38,88,88,113,124,124,124,140,140,140,4,4,81,81,94,94,94,106,106,106,134,134,214,214,230,255,255,265,265,344,344,358,358,358,369,369,396,18,43,43,59,59,89,89,89,89,89,89,89,89,23,49,49],"floor_reached":56,"playtime":3399,"items_purged":["Strike_G","Defend_G"],"score":2084,"play_id":"e979b0e2-4c51-4d75-9821-8b419ade5ed4","local_time":"20220623164319","falling_options_log":["Survivor","Footwork+1"],"score_breakdown":["Floors Climbed (56): 280","Enemies Slain (11): 22","Exordium Elites Killed (1): 10","City Elites Killed (2): 40","Beyond Elites Killed (3): 90","Bosses Slain (4): 500","Mystery Machine (17): 25","Collector (1): 25","Champion (2): 50","Overkill: 25","Ascension (20): 1017"],"is_ascension_mode":true,"campfire_choices":[{"data":"Cloak And Dagger","floor":6,"key":"SMITH"},{"data":"Neutralize","floor":10,"key":"SMITH"},{"data":"Cloak And Dagger","floor":12,"key":"SMITH"},{"data":"Tools of the Trade","floor":15,"key":"SMITH"},{"data":"Phantasmal Killer","floor":23,"key":"SMITH"},{"data":"RitualDagger","floor":27,"key":"SMITH"},{"data":"Blade Dance","floor":32,"key":"SMITH"},{"floor":45,"key":"RECALL"},{"data":"Terror","floor":47,"key":"SMITH"},{"floor":49,"key":"REST"},{"floor":53,"key":"REST"}],"neow_cost":"PERCENT_DAMAGE","seed_source_timestamp":3483381946649400,"shop_contents":[{"floor":4,"relics":["Mummified Hand","The Specimen","Cauldron"],"cards":["Bane","Sucker Punch","Dodge and Roll","Noxious Fumes","Jack Of All Trades","Metamorphosis"],"potions":["Fruit Juice","EssenceOfSteel"]},{"floor":14,"relics":["Bird Faced Urn","Nunchaku","Frozen Eye"],"cards":["Flechettes","Dodge and Roll","Night Terror","After Image","Magnetism"],"potions":["Block Potion","Block Potion","FearPotion"]},{"floor":41,"relics":["Pear"],"cards":["Endless Agony","Glass Knife","Outmaneuver+1","Setup+1","Footwork","PanicButton+1","Sadistic Nature"],"potions":["Block Potion","EntropicBrew","PowerPotion"]},{"floor":54,"relics":["Gremlin Horn","Bottled Lightning","Sling"],"cards":["Slice","Flechettes","Terror+1","Catalyst+1","Caltrops","Enlightenment+1","Apotheosis+1"],"potions":["SkillPotion","AttackPotion","Regen Potion"]}],"circlet_count":0,"master_deck":["AscendersBane","Defend_G","Defend_G","Defend_G","Survivor+1","Neutralize+1","Backstab","Finisher","Cloak And Dagger+1","Terror+1","Blur+1","Cloak And Dagger+1","Tools of the Trade+1","Finisher","Flash of Steel","Phantasmal Killer+1","Predator+1","Caltrops","RitualDagger+1","Blade Dance+1","Cloak And Dagger+1","Footwork+1","Cloak And Dagger+1","Outmaneuver+1","Good Instincts+1","PiercingWail+1","Deflect+1","Malaise+1","Reflex+1","Prepared+1","Reflex+1"],"potion_use_per_floor":[[],[],[],[],[],[],["PowerPotion","SpeedPotion"],[],[],[],[],[],[],[],[],[],[],[],[],[],["Fire Potion"],[],[],[],[],[],[],["SteroidPotion"],[],[],[],[],[],[],[],[],[],["SkillPotion"],[],["GhostInAJar"],[],[],[],[],[],[],[],[],[],["Strength Potion"],["BlessingOfTheForge"],[],[],[],["Block Potion"],[]],"relics":["Ring of the Serpent","Kunai","SlaversCollar","MutagenicStrength","Vajra","Toxic Egg 2","Smiling Mask","Sundial","Pen Nib","Lee\u0027s Waffle","The Courier","Ornamental Fan","StoneCalendar","War Paint"],"potions_floor_usage":[7,7,21,28,38,40,50,51,55],"damage_taken":[{"damage":0,"enemies":"2 Louse","floor":1,"turns":3},{"damage":2,"enemies":"Jaw Worm","floor":2,"turns":5},{"damage":1,"enemies":"Lagavulin","floor":7,"turns":6},{"damage":0,"enemies":"Cultist","floor":8,"turns":3},{"damage":0,"enemies":"3 Louse","floor":11,"turns":3},{"damage":3,"enemies":"The Guardian","floor":16,"turns":9},{"damage":0,"enemies":"Shell Parasite","floor":18,"turns":4},{"damage":0,"enemies":"Spheric Guardian","floor":21,"turns":3},{"damage":16,"enemies":"Slavers","floor":24,"turns":5},{"damage":1,"enemies":"Snecko","floor":28,"turns":3},{"damage":6,"enemies":"Gremlin Leader","floor":29,"turns":2},{"damage":0,"enemies":"Cultist and Chosen","floor":31,"turns":6},{"damage":7,"enemies":"Collector","floor":33,"turns":8},{"damage":1,"enemies":"3 Shapes","floor":35,"turns":5},{"damage":7,"enemies":"3 Darklings","floor":38,"turns":5},{"damage":0,"enemies":"Reptomancer","floor":40,"turns":4},{"damage":0,"enemies":"Giant Head","floor":42,"turns":4},{"damage":9,"enemies":"Spire Growth","floor":44,"turns":3},{"damage":6,"enemies":"Reptomancer","floor":46,"turns":5},{"damage":60,"enemies":"Time Eater","floor":50,"turns":7},{"damage":6,"enemies":"Awakened One","floor":51,"turns":10},{"damage":36,"enemies":"Shield and Spear","floor":55,"turns":6},{"damage":90,"enemies":"The Heart","floor":56,"turns":3}],"seed_played":"-4675515417542168386","neow_bonus_log":{"cardsObtained":[],"cardsUpgraded":[],"cardsRemoved":["Strike_G","Defend_G"],"cardsTransformed":[],"relicsObtained":[],"maxHpGained":0,"goldGained":0,"damageTaken":15,"goldLost":0,"maxHpLost":0},"potions_obtained":[{"floor":2,"key":"SpeedPotion"},{"floor":7,"key":"Fire Potion"},{"floor":11,"key":"SteroidPotion"},{"floor":21,"key":"GhostInAJar"},{"floor":29,"key":"SkillPotion"},{"floor":42,"key":"BlessingOfTheForge"},{"floor":46,"key":"Strength Potion"}],"is_trial":false,"path_per_floor":["M","M","?","$","?","R","E","M","T","R","M","R","?","$","R","B",null,"M","?","?","M","?","R","E","?","T","R","M","E","?","M","R","B",null,"M","?","?","M","?","E","$","E","T","M","R","E","R","?","R","B","B",null,"R","$","E","B"],"character_chosen":"THE_SILENT","items_purchased":["PowerPotion","Cloak And Dagger","Finisher","Flash of Steel","Pen Nib","Lee\u0027s Waffle","Block Potion","Prepared+1"],"campfire_rested":2,"item_purchase_floors":[4,4,14,14,41,41,54,54],"current_hp_per_floor":[44,42,31,31,31,31,30,30,30,30,30,30,30,30,30,27,56,56,56,56,56,50,50,34,34,34,34,33,27,27,27,27,20,55,54,44,44,37,37,37,70,70,70,61,61,55,55,55,70,10,4,54,70,70,34,0],"gold":49,"neow_bonus":"REMOVE_TWO","is_prod":false,"is_daily":false,"rewards_skipped":[{"floor":16,"relics":[],"potions":["FearPotion"]},{"floor":33,"relics":[],"potions":["BlessingOfTheForge"]}],"chose_seed":false,"campfire_upgraded":8,"win_rate":0,"floor_exit_playtime":[138,200,206,266,272,294,413,452,465,477,529,543,584,651,666,814,921,1005,1042,1051,1124,1158,1174,1373,1377,1384,1390,1458,1506,1515,1584,1606,1813,1919,1989,2027,2044,2162,2164,2257,2315,2378,2383,2448,2454,2588,2593,2597,2613,2807,3099,3116,3120,3170,3338],"timestamp":1656016999,"blue_key_relic_skipped_log":{"floor":9,"relicID":"StrikeDummy"},"path_taken":["M","M","?","$","?","R","E","M","T","R","?","R","?","?","R","BOSS","M","?","?","?","?","R","E","?","T","R","M","E","?","?","R","BOSS","M","?","?","M","?","E","$","E","T","?","R","E","R","?","R","BOSS","BOSS","R","$","E","BOSS"],"build_version":"2022-03-07","purchased_purges":2,"victory":false,"max_hp_per_floor":[66,66,66,66,66,66,66,66,66,66,66,66,66,66,66,66,66,66,66,66,66,66,66,66,66,66,66,66,66,66,66,66,66,66,66,66,63,63,63,63,70,70,70,70,70,70,70,70,70,70,70,70,70,70,70,70],"relic_stats":{"Lee\u0027s Waffle":33,"counters":[23,112],"Sundial":[4],"Ornamental Fan":[148],"StoneCalendar":[96],"Pen Nib":[15],"The Courier":16,"Kunai":[88],"War Paint":["Survivor","Blur"],"Smiling Mask":50,"obtain_stats":[{"Lee\u0027s Waffle":41,"Vajra":24,"StoneCalendar":46,"Pen Nib":41,"The Courier":42,"War Paint":55,"Smiling Mask":29,"SlaversCollar":17,"Sundial":40,"Ornamental Fan":43,"MutagenicStrength":19,"Kunai":7,"Toxic Egg 2":26,"Ring of the Serpent":34,"Ring of the Snake":0},{"Lee\u0027s Waffle":16,"Vajra":9,"StoneCalendar":19,"Pen Nib":16,"The Courier":17,"War Paint":22,"Smiling Mask":11,"SlaversCollar":6,"Sundial":16,"Ornamental Fan":17,"MutagenicStrength":7,"Kunai":3,"Toxic Egg 2":9,"Ring of the Serpent":13,"Ring of the Snake":0},{"Lee\u0027s Waffle":74,"Vajra":41,"StoneCalendar":86,"Pen Nib":74,"The Courier":78,"War Paint":109,"Smiling Mask":46,"SlaversCollar":29,"Sundial":74,"Ornamental Fan":78,"MutagenicStrength":33,"Kunai":14,"Toxic Egg 2":41,"Ring of the Serpent":60,"Ring of the Snake":0}]},"card_choices":[{"not_picked":["Dagger Throw","Cloak And Dagger"],"picked":"Backstab","floor":1},{"not_picked":["Backflip","Dodge and Roll"],"picked":"Finisher","floor":2},{"not_picked":["Predator","Poisoned Stab"],"picked":"Terror","floor":7},{"not_picked":["Distraction","Dagger Spray"],"picked":"Blur","floor":8},{"not_picked":["Underhanded Strike","Prepared"],"picked":"Cloak And Dagger","floor":11},{"not_picked":["Tools of the Trade","Storm of Steel"],"picked":"Phantasmal Killer","floor":16},{"not_picked":["Deadly Poison","Slice"],"picked":"Predator+1","floor":18},{"not_picked":["Deflect","Poisoned Stab"],"picked":"Dagger Spray","floor":21},{"not_picked":["Slice+1","Outmaneuver"],"picked":"Blade Dance","floor":24},{"not_picked":["Crippling Poison+1","Bane"],"picked":"Cloak And Dagger+1","floor":28},{"not_picked":["Flying Knee","Die Die Die"],"picked":"Footwork+1","floor":29},{"not_picked":["Underhanded Strike","Riddle With Holes"],"picked":"Cloak And Dagger+1","floor":31},{"not_picked":["Heel Hook","Infinite Blades"],"picked":"Outmaneuver+1","floor":35},{"not_picked":["Bandage Up+1","Trip+1"],"picked":"Good Instincts+1","floor":36},{"not_picked":["Chrysalis+1","Forethought+1","Transmutation+1"],"picked":"SKIP","floor":36},{"not_picked":["Swift Strike","Sadistic Nature","HandOfGreed"],"picked":"SKIP","floor":36},{"not_picked":["Outmaneuver+1","Crippling Poison+1"],"picked":"PiercingWail+1","floor":38},{"not_picked":["Heel Hook","Blade Dance+1"],"picked":"Deflect+1","floor":40},{"not_picked":["Infinite Blades","Outmaneuver+1","Backstab"],"picked":"SKIP","floor":42},{"not_picked":["Prepared+1","Dagger Spray+1"],"picked":"Malaise+1","floor":44},{"not_picked":["Concentrate+1","Crippling Poison+1"],"picked":"Reflex+1","floor":46},{"not_picked":["Infinite Blades","Flying Knee"],"picked":"Reflex+1","floor":55}],"player_experience":7240508,"relics_obtained":[{"floor":7,"key":"Kunai"},{"floor":24,"key":"Vajra"},{"floor":26,"key":"Toxic Egg 2"},{"floor":29,"key":"Smiling Mask"},{"floor":40,"key":"Sundial"},{"floor":42,"key":"The Courier"},{"floor":43,"key":"Ornamental Fan"},{"floor":46,"key":"StoneCalendar"},{"floor":55,"key":"War Paint"}],"event_choices":[{"damage_healed":0,"gold_gain":75,"player_choice":"Gather Gold","damage_taken":11,"max_hp_gain":0,"max_hp_loss":0,"event_name":"World of Goop","floor":3,"gold_loss":0},{"damage_healed":0,"gold_gain":50,"player_choice":"Pray","damage_taken":0,"max_hp_gain":0,"max_hp_loss":0,"event_name":"Golden Shrine","floor":5,"gold_loss":0},{"damage_healed":0,"gold_gain":0,"cards_transformed":["Strike_G"],"player_choice":"Change","damage_taken":0,"max_hp_gain":0,"max_hp_loss":0,"event_name":"Living Wall","floor":13,"gold_loss":0,"cards_obtained":["Tools of the Trade"]},{"damage_healed":0,"gold_gain":0,"player_choice":"Inject Mutagens","damage_taken":0,"relics_obtained":["MutagenicStrength"],"max_hp_gain":0,"max_hp_loss":0,"event_name":"Drug Dealer","floor":19,"gold_loss":0},{"damage_healed":0,"gold_gain":0,"cards_transformed":["Strike_G"],"player_choice":"Transformed","damage_taken":0,"max_hp_gain":0,"max_hp_loss":0,"event_name":"Transmorgrifier","floor":20,"gold_loss":0,"cards_obtained":["Caltrops"]},{"damage_healed":0,"gold_gain":0,"player_choice":"Joined the Cult","damage_taken":6,"max_hp_gain":0,"max_hp_loss":0,"event_name":"Nest","floor":22,"gold_loss":0,"cards_obtained":["RitualDagger"]},{"damage_healed":0,"gold_gain":0,"player_choice":"Ignored","damage_taken":0,"max_hp_gain":0,"max_hp_loss":0,"event_name":"The Mausoleum","floor":25,"gold_loss":0},{"cards_removed":["Strike_G"],"damage_healed":0,"gold_gain":0,"player_choice":"Purged","damage_taken":0,"max_hp_gain":0,"max_hp_loss":0,"event_name":"Purifier","floor":30,"gold_loss":0},{"damage_healed":0,"gold_gain":0,"player_choice":"Memory 3","damage_taken":10,"max_hp_gain":0,"max_hp_loss":0,"event_name":"SensoryStone","floor":36,"gold_loss":0},{"damage_healed":0,"gold_gain":0,"player_choice":"Max HP","damage_taken":0,"max_hp_gain":0,"max_hp_loss":3,"event_name":"Winding Halls","floor":37,"gold_loss":0},{"damage_healed":0,"gold_gain":0,"player_choice":"Ignored","damage_taken":0,"max_hp_gain":0,"max_hp_loss":0,"event_name":"Tomb of Lord Red Mask","floor":39,"gold_loss":0},{"cards_removed":["Dagger Spray"],"damage_healed":0,"gold_gain":0,"player_choice":"Removed Attack","damage_taken":0,"max_hp_gain":0,"max_hp_loss":0,"event_name":"Falling","floor":48,"gold_loss":0}],"is_beta":false,"boss_relics":[{"not_picked":["Busted Crown","Black Star"],"picked":"SlaversCollar"},{"not_picked":["Coffee Dripper","Velvet Choker"],"picked":"Ring of the Serpent"}],"items_purged_floors":[4,41],"is_endless":false,"potions_floor_spawned":[2,7,11,16,21,29,33,42,46],"killed_by":"The Heart","ascension_level":20,"potion_discard_per_floor":[[],[],[],[],[],[],[],[],[],[],[],[],[],[],[],[],[],[],[],[],[],[],[],[],[],[],[],[],[],[],[],[],[],[],[],[],[],[],[],[],[],[],[],[],[],[],[],[],[],[],[],[],[],[],[],[]]}