{"neow_bonuses_skipped_log":["TEN_PERCENT_HP_BONUS","THREE_RARE_CARDS","BOSS_RELIC"],"neow_costs_skipped_log":["NONE","CURSE","NONE"],"gold_per_floor":[110,128,146,158,174,174,174,68,68,80,113,123,123,141,141,219,219,231,251,176,188,30,30,30,30,30,62,78,178,189,221,221,298,298,311,329,340,44,58,58,86,138,138,169,444,253,287,297,297,297,297,297,297,27,56,56],"floor_reached":57,"playtime":7862,"items_purged":["Defend_G","Strike_G","Regret","Parasite"],"score":2841,"play_id":"905efa62-be47-4806-a8b3-bd1502fd3215","local_time":"20220705144224","score_breakdown":["Floors Climbed (57): 285","Enemies Slain (19): 38","Exordium Elites Killed (1): 10","City Elites Killed (2): 40","Beyond Elites Killed (2): 60","Bosses Slain (5): 750","Money Money (1173): 25","Collector (1): 25","Librarian: 25","Champion (2): 50","C-c-c-combo: 25","Ascension (20): 1258","Heartbreaker: 250"],"is_ascension_mode":true,"campfire_choices":[{"data":"Eviscerate","floor":6,"key":"SMITH"},{"data":"Calculated Gamble","floor":13,"key":"SMITH"},{"data":"Prepared","floor":15,"key":"SMITH"},{"data":"Reflex","floor":23,"key":"SMITH"},{"floor":25,"key":"REST"},{"floor":32,"key":"REST"},{"floor":40,"key":"RECALL"},{"data":"Burst","floor":49,"key":"SMITH"},{"data":"Well Laid Plans","floor":53,"key":"SMITH"}],"neow_cost":"NONE","seed_source_timestamp":94350351413300,"shop_contents":[{"floor":8,"relics":["InkBottle","Mango","Cauldron"],"cards":["Dash","Cloak And Dagger","Prepared","Footwork","Purity","Apotheosis"],"potions":["FairyPotion","Explosive Potion"]},{"floor":22,"relics":["Molten Egg 2","Eternal Feather","Medical Kit"],"cards":["Masterful Stab","Backstab","Outmaneuver","Caltrops","Purity","Magnetism"],"potions":["Dexterity Potion","Regen Potion","AttackPotion"]},{"floor":38,"relics":["Happy Flower","Juzu Bracelet"],"cards":["Dagger Throw","Riddle With Holes","Backflip","Deflect","Swift Strike","Panache"],"potions":["Block Potion","GamblersBrew","Energy Potion"]},{"floor":46,"relics":["Thread and Needle","Peace Pipe"],"cards":["Bane","Dagger Spray","Catalyst","Accuracy","Deep Breath","Magnetism"],"potions":["Strength Potion","Weak Potion","LiquidBronze"]},{"floor":54,"relics":["White Beast Statue","Strange Spoon"],"cards":["Dagger Spray","Dash","Well Laid Plans","Flash of Steel","Metamorphosis"],"potions":["LiquidMemories","LiquidBronze"]}],"circlet_count":0,"master_deck":["AscendersBane","Defend_G","Defend_G","Defend_G","Defend_G","Survivor","Neutralize","Sucker Punch","Eviscerate+1","Dagger Spray","Calculated Gamble+1","Catalyst","Poisoned Stab","Underhanded Strike","Prepared+1","Tools of the Trade","Endless Agony","Reflex+1","Prepared","Concentrate+1","Backflip","Eviscerate","Burst+1","Deadly Poison+1","Acrobatics","Backflip","Tools of the Trade","Footwork+1","Tactician+1","Well Laid Plans+1","Backflip","Reflex","PiercingWail","Backflip","Leg Sweep"],"potion_use_per_floor":[[],[],[],[],[],[],[],[],[],[],["SteroidPotion"],[],[],["Block Potion"],[],[],[],[],["SkillPotion"],[],[],[],[],[],[],[],[],[],["Block Potion"],[],["Fruit Juice"],[],["LiquidMemories"],[],[],[],[],[],[],[],[],[],[],[],[],[],[],[],[],[],[],[],[],[],["DuplicationPotion"],["SpeedPotion"],[]],"relics":["Ring of the Snake","StrikeDummy","Shuriken","Pear","Empty Cage","Enchiridion","Anchor","Tingsha","Bird Faced Urn","Gremlin Horn","Mummified Hand","Coffee Dripper","Membership Card","Ice Cream","CaptainsWheel","Lizard Tail","Toolbox","Oddly Smooth Stone","Bronze Scales"],"potions_floor_usage":[11,14,19,29,31,33,55,56],"damage_taken":[{"damage":15,"enemies":"Jaw Worm","floor":1,"turns":10},{"damage":1,"enemies":"Cultist","floor":2,"turns":5},{"damage":1,"enemies":"Small Slimes","floor":3,"turns":4},{"damage":11,"enemies":"Exordium Wildlife","floor":4,"turns":3},{"damage":3,"enemies":"Looter","floor":5,"turns":3},{"damage":7,"enemies":"2 Fungi Beasts","floor":10,"turns":3},{"damage":6,"enemies":"Gremlin Nob","floor":11,"turns":3},{"damage":4,"enemies":"3 Louse","floor":12,"turns":2},{"damage":0,"enemies":"Gremlin Gang","floor":14,"turns":4},{"damage":20,"enemies":"Hexaghost","floor":16,"turns":9},{"damage":12,"enemies":"2 Thieves","floor":18,"turns":5},{"damage":0,"enemies":"Spheric Guardian","floor":19,"turns":3},{"damage":6,"enemies":"3 Cultists","floor":21,"turns":5},{"damage":2,"enemies":"Book of Stabbing","floor":27,"turns":4},{"damage":5,"enemies":"Sentry and Sphere","floor":28,"turns":4},{"damage":0,"enemies":"Colosseum Slavers","floor":29,"turns":3},{"damage":10,"enemies":"Colosseum Nobs","floor":29,"turns":4},{"damage":0,"enemies":"Centurion and Healer","floor":30,"turns":3},{"damage":14,"enemies":"Gremlin Leader","floor":31,"turns":4},{"damage":5,"enemies":"Collector","floor":33,"turns":5},{"damage":0,"enemies":"3 Darklings","floor":35,"turns":4},{"damage":0,"enemies":"3 Shapes","floor":36,"turns":3},{"damage":0,"enemies":"Transient","floor":37,"turns":6},{"damage":0,"enemies":"Jaw Worm Horde","floor":39,"turns":3},{"damage":0,"enemies":"Reptomancer","floor":41,"turns":3},{"damage":1,"enemies":"2 Orb Walkers","floor":42,"turns":4},{"damage":2,"enemies":"Nemesis","floor":44,"turns":5},{"damage":0,"enemies":"Maw","floor":47,"turns":4},{"damage":0,"enemies":"Writhing Mass","floor":48,"turns":3},{"damage":9,"enemies":"Donu and Deca","floor":50,"turns":5},{"damage":54,"enemies":"Time Eater","floor":51,"turns":9},{"damage":0,"enemies":"Shield and Spear","floor":55,"turns":4},{"damage":39,"enemies":"The Heart","floor":56,"turns":8}],"seed_played":"987081868769653613","neow_bonus_log":{"cardsObtained":[],"cardsUpgraded":[],"cardsRemoved":["Strike_G"],"cardsTransformed":[],"relicsObtained":[],"maxHpGained":0,"goldGained":0,"damageTaken":0,"goldLost":0,"maxHpLost":0},"potions_obtained":[{"floor":3,"key":"SpeedPotion"},{"floor":10,"key":"Block Potion"},{"floor":11,"key":"Block Potion"},{"floor":12,"key":"LiquidMemories"},{"floor":16,"key":"Dexterity Potion"},{"floor":18,"key":"SkillPotion"},{"floor":28,"key":"Block Potion"},{"floor":30,"key":"Fruit Juice"},{"floor":31,"key":"Energy Potion"},{"floor":37,"key":"SpeedPotion"}],"is_trial":false,"path_per_floor":["M","M","M","M","M","R","?","$","T","M","E","M","R","M","R","B",null,"M","M","?","M","$","R","?","R","T","E","M","?","M","E","R","B",null,"M","M","M","$","M","R","E","?","T","E","?","$","M","M","R","B","B",null,"R","$","E","B",null],"character_chosen":"THE_SILENT","items_purchased":["Poisoned Stab","SteroidPotion","Reflex","Membership Card","Tools of the Trade","Reflex","Toolbox","Oddly Smooth Stone","DuplicationPotion","Backflip","Leg Sweep"],"campfire_rested":2,"item_purchase_floors":[8,8,22,38,38,46,46,54,54,54,54],"current_hp_per_floor":[44,43,42,31,28,28,28,28,28,21,25,21,21,21,21,1,57,45,45,45,39,39,39,18,40,40,38,33,23,25,20,44,43,72,76,80,81,81,81,81,81,80,80,79,79,79,81,81,81,72,28,68,68,68,78,45],"gold":56,"neow_bonus":"REMOVE_CARD","is_prod":false,"is_daily":false,"rewards_skipped":[{"floor":44,"relics":[],"potions":["Block Potion"]},{"floor":48,"relics":[],"potions":["Energy Potion"]}],"chose_seed":false,"campfire_upgraded":6,"win_rate":0,"floor_exit_playtime":[700,786,904,1049,1245,1278,1309,1436,1454,1572,1724,1894,1984,2180,2191,2484,2780,2956,3032,3053,3255,3362,3379,3498,3507,3518,3791,3934,4252,4397,4593,4599,4919,4989,5156,5225,5371,5465,5569,5578,5807,5967,5974,6099,6122,6189,6334,6444,6452,6675,7059,7080,7091,7198,7484,7862],"timestamp":1657046544,"blue_key_relic_skipped_log":{"floor":43,"relicID":"Singing Bowl"},"path_taken":["M","M","M","M","M","R","?","$","T","M","E","M","R","?","R","BOSS","M","M","?","M","$","R","?","R","T","E","?","?","M","E","R","BOSS","M","M","M","$","M","R","E","?","T","E","?","$","M","M","R","BOSS","BOSS","R","$","E","BOSS"],"build_version":"2022-03-07","purchased_purges":4,"victory":true,"max_hp_per_floor":[66,66,66,66,66,66,66,66,66,66,76,76,76,76,76,76,76,76,76,76,76,76,76,76,76,76,76,76,76,76,81,81,81,81,81,81,81,81,81,81,81,81,81,81,81,81,81,81,81,81,81,81,81,78,78,78],"relic_stats":{"Ice Cream":[120],"Lizard Tail":0,"Gremlin Horn":[22,22],"counters":[33,147],"Shuriken":[71],"Mummified Hand":[63],"Bird Faced Urn":[48],"Bronze Scales":[96],"Tingsha":[1021],"Membership Card":593,"obtain_stats":[{"Ice Cream":41,"Pear":11,"Gremlin Horn":29,"Enchiridion":24,"Oddly Smooth Stone":54,"Tingsha":27,"Empty Cage":17,"Anchor":26,"CaptainsWheel":42,"Lizard Tail":44,"Shuriken":9,"Mummified Hand":31,"Bird Faced Urn":29,"Bronze Scales":55,"Toolbox":46,"Coffee Dripper":34,"Membership Card":38,"StrikeDummy":7,"Ring of the Snake":0},{"Ice Cream":25,"Pear":7,"Gremlin Horn":17,"Enchiridion":13,"Oddly Smooth Stone":31,"Tingsha":14,"Empty Cage":10,"Anchor":13,"CaptainsWheel":26,"Lizard Tail":27,"Shuriken":5,"Mummified Hand":19,"Bird Faced Urn":17,"Bronze Scales":32,"Toolbox":27,"Coffee Dripper":20,"Membership Card":23,"StrikeDummy":5,"Ring of the Snake":0},{"Ice Cream":105,"Pear":31,"Gremlin Horn":74,"Enchiridion":59,"Oddly Smooth Stone":135,"Tingsha":63,"Empty Cage":46,"Anchor":59,"CaptainsWheel":109,"Lizard Tail":114,"Shuriken":25,"Mummified Hand":81,"Bird Faced Urn":74,"Bronze Scales":139,"Toolbox":114,"Coffee Dripper":86,"Membership Card":99,"StrikeDummy":25,"Ring of the Snake":0}],"Ring of the Snake":[68]},"card_choices":[{"not_picked":["Acrobatics","Escape Plan"],"picked":"Sucker Punch","floor":1},{"not_picked":["Bane","Quick Slash"],"picked":"Eviscerate","floor":2},{"not_picked":["Deflect","Setup"],"picked":"Dagger Spray","floor":3},{"not_picked":["Dodge and Roll","Slice"],"picked":"Calculated Gamble","floor":4},{"not_picked":["Cloak And Dagger","Quick Slash"],"picked":"Catalyst","floor":5},{"not_picked":["Blade Dance","Slice"],"picked":"Underhanded Strike","floor":10},{"not_picked":["Concentrate","Masterful Stab","Accuracy"],"picked":"SKIP","floor":11},{"not_picked":["Choke","Sucker Punch","Deflect"],"picked":"SKIP","floor":12},{"not_picked":["Dagger Spray","Slice"],"picked":"Prepared","floor":14},{"not_picked":["Unload","A Thousand Cuts"],"picked":"Tools of the Trade","floor":16},{"not_picked":["Choke","Poisoned Stab","Quick Slash"],"picked":"SKIP","floor":18},{"not_picked":["Flying Knee","Quick Slash","Dodge and Roll"],"picked":"SKIP","floor":19},{"not_picked":["Dagger Throw","Deadly Poison"],"picked":"Endless Agony","floor":21},{"not_picked":["Dagger Spray","Poisoned Stab"],"picked":"Prepared","floor":27},{"not_picked":["Bullet Time","Cloak And Dagger","Bane"],"picked":"SKIP","floor":28},{"not_picked":["Masterful Stab+1","Quick Slash"],"picked":"Concentrate+1","floor":29},{"not_picked":["Concentrate","Cloak And Dagger"],"picked":"Backflip","floor":30},{"not_picked":["Prepared","Dash"],"picked":"Eviscerate","floor":31},{"not_picked":["Glass Knife","Grand Finale"],"picked":"Burst","floor":33},{"not_picked":["Outmaneuver+1","PiercingWail+1"],"picked":"Deadly Poison+1","floor":35},{"not_picked":["Poisoned Stab","Dagger Spray+1"],"picked":"Acrobatics","floor":36},{"not_picked":["Underhanded Strike","Deadly Poison"],"picked":"Backflip","floor":37},{"not_picked":["Expertise","Blade Dance"],"picked":"Footwork+1","floor":39},{"not_picked":["Dagger Throw","All Out Attack"],"picked":"Tactician+1","floor":41},{"not_picked":["Dagger Spray+1","Corpse Explosion"],"picked":"Well Laid Plans","floor":42},{"not_picked":["Poisoned Stab","Riddle With Holes"],"picked":"Backflip","floor":44},{"not_picked":["Choke","Bane+1"],"picked":"PiercingWail","floor":47},{"not_picked":["Blade Dance+1","Outmaneuver+1","Infinite Blades"],"picked":"SKIP","floor":48},{"not_picked":["Deflect","Dagger Spray","Eviscerate"],"picked":"SKIP","floor":55}],"player_experience":7318828,"relics_obtained":[{"floor":9,"key":"Shuriken"},{"floor":11,"key":"Pear"},{"floor":24,"key":"Enchiridion"},{"floor":26,"key":"Anchor"},{"floor":27,"key":"Tingsha"},{"floor":29,"key":"Bird Faced Urn"},{"floor":29,"key":"Gremlin Horn"},{"floor":31,"key":"Mummified Hand"},{"floor":41,"key":"Ice Cream"},{"floor":42,"key":"CaptainsWheel"},{"floor":44,"key":"Lizard Tail"},{"floor":55,"key":"Bronze Scales"}],"event_choices":[{"damage_healed":0,"gold_gain":0,"player_choice":"Gave Potion","damage_taken":0,"relics_obtained":["StrikeDummy"],"max_hp_gain":0,"max_hp_loss":0,"event_name":"WeMeetAgain","floor":7,"gold_loss":0},{"cards_removed":["Strike_G"],"damage_healed":0,"gold_gain":0,"player_choice":"Gave Gold","damage_taken":0,"max_hp_gain":0,"max_hp_loss":0,"event_name":"Beggar","floor":20,"gold_loss":75},{"damage_healed":0,"gold_gain":0,"player_choice":"Obtained Book","damage_taken":21,"max_hp_gain":0,"max_hp_loss":0,"event_name":"Cursed Tome","floor":24,"gold_loss":0},{"damage_healed":0,"gold_gain":0,"player_choice":"Fight","damage_taken":0,"max_hp_gain":0,"max_hp_loss":0,"event_name":"Colosseum","floor":29,"gold_loss":0},{"damage_healed":0,"gold_gain":0,"player_choice":"Fought Nobs","damage_taken":0,"max_hp_gain":0,"max_hp_loss":0,"event_name":"Colosseum","floor":29,"gold_loss":0},{"damage_healed":0,"gold_gain":0,"player_choice":"Fight","damage_taken":0,"max_hp_gain":0,"max_hp_loss":0,"event_name":"Mysterious Sphere","floor":42,"gold_loss":0},{"damage_healed":0,"gold_gain":275,"player_choice":"Desecrate","damage_taken":0,"max_hp_gain":0,"max_hp_loss":0,"event_name":"Golden Shrine","floor":45,"gold_loss":0,"cards_obtained":["Regret"]}],"is_beta":false,"boss_relics":[{"not_picked":["Fusion Hammer","WristBlade"],"picked":"Empty Cage"},{"not_picked":["Tiny House","Velvet Choker"],"picked":"Coffee Dripper"}],"items_purged_floors":[22,38,46,54],"is_endless":false,"potions_floor_spawned":[3,10,11,12,16,18,28,29,30,31,37,44,48],"ascension_level":20,"potion_discard_per_floor":[[],[],[],[],[],[],[],[],[],[],[],["Block Potion"],[],[],[],[],[],["Dexterity Potion"],[],[],[],[],[],[],[],[],[],[],[],[],[],[],[],[],[],[],[],[],[],[],[],[],[],[],[],[],[],[],[],[],[],[],[],["Energy Potion"],[],[],[]]}