{"gold_per_floor":[113,128,128,148,73,73,100,100,100,100,129,129,141,151,151,225,225,237,237,255,269,169,203,203,234,308,342,354,367,383,410,410,488,488,504,504,527,538,247,247,278,278,304,334,348,379,395,408,408,408,408,408,408,101,134,134],"floor_reached":57,"playtime":7245,"items_purged":["Parasite","Dagger Spray","Unload","Venomology"],"score":3049,"play_id":"629f4e75-b22c-4588-b246-30cc3650075b","local_time":"20220715021845","is_ascension_mode":true,"campfire_choices":[{"data":"Wraith Form v2","floor":6,"key":"SMITH"},{"floor":8,"key":"REST"},{"data":"Noxious Fumes","floor":12,"key":"SMITH"},{"data":"Blade Dance","floor":15,"key":"SMITH"},{"data":"Wraith Form v2","floor":24,"key":"SMITH"},{"data":"Well Laid Plans","floor":32,"key":"SMITH"},{"data":"Phantasmal Killer","floor":40,"key":"SMITH"},{"floor":42,"key":"RECALL"},{"data":"Finisher","floor":49,"key":"SMITH"},{"data":"Finisher","floor":53,"key":"SMITH"}],"neow_cost":"CURSE","seed_source_timestamp":1353857156175000,"shop_contents":[{"floor":5,"relics":["Tiny Chest","Toxic Egg 2","Strange Spoon"],"cards":["Underhanded Strike","Dash","Crippling Poison","Calculated Gamble","Noxious Fumes","Purity","Magnetism"],"potions":["GamblersBrew","LiquidMemories","AttackPotion"]},{"floor":22,"relics":["Juzu Bracelet","StrikeDummy","Cauldron"],"cards":["Eviscerate","Flying Knee","Expertise","Deadly Poison","Infinite Blades","Panacea","Mayhem"],"potions":["EssenceOfSteel","Block Potion","Energy Potion"]},{"floor":39,"relics":["Darkstone Periapt","Meat on the Bone"],"cards":["Flechettes","Dagger Throw","PiercingWail","Concentrate","Footwork","Finesse","HandOfGreed"],"potions":["Block Potion","LiquidBronze","AttackPotion"]},{"floor":54,"relics":["Dead Branch","Bird Faced Urn","TheAbacus"],"cards":["Die Die Die","Flechettes","Dramatic Entrance","The Bomb"],"potions":["Strength Potion","GamblersBrew","AttackPotion"]}],"circlet_count":0,"master_deck":["AscendersBane","Survivor","Neutralize","Slice","Blade Dance+1","Dagger Throw","Wraith Form v2+1","Noxious Fumes+1","Well Laid Plans+1","Deflect","Blade Dance+1","Phantasmal Killer+1","Die Die Die","Die Die Die","Sucker Punch","After Image","Wraith Form v2+1","Leg Sweep","Tactician","Leg Sweep","PiercingWail","Finisher+1","Blade Dance","Terror","Blade Dance","Wraith Form v2","Finisher+1","Backflip","Accuracy","Blade Dance","Acrobatics"],"potion_use_per_floor":[[],[],[],[],[],[],[],[],[],[],["FearPotion"],[],[],[],[],["ColorlessPotion"],[],[],[],[],[],[],[],[],["BlessingOfTheForge"],[],[],["EssenceOfSteel"],["Regen Potion"],["BlessingOfTheForge"],["DistilledChaos"],[],["CunningPotion"],[],[],[],[],[],[],[],[],[],[],[],[],[],[],[],[],[],[],[],[],[],[],["SteroidPotion"],[]],"relics":["Ring of the Snake","Prayer Wheel","Singing Bowl","InkBottle","Happy Flower","Pandora\u0027s Box","PreservedInsect","Bottled Tornado","Ornamental Fan","Red Mask","Gambling Chip","Sozu","TwistedFunnel","HornCleat","Lantern","Regal Pillow","Kunai","Bag of Preparation"],"potions_floor_usage":[11,16,25,28,29,30,31,33,56],"damage_taken":[{"damage":10,"enemies":"Cultist","floor":1,"turns":5},{"damage":7,"enemies":"2 Louse","floor":2,"turns":3},{"damage":2,"enemies":"Jaw Worm","floor":4,"turns":4},{"damage":24,"enemies":"3 Sentries","floor":7,"turns":10},{"damage":6,"enemies":"Gremlin Nob","floor":11,"turns":3},{"damage":2,"enemies":"3 Louse","floor":13,"turns":4},{"damage":0,"enemies":"Blue Slaver","floor":14,"turns":3},{"damage":15,"enemies":"Hexaghost","floor":16,"turns":9},{"damage":7,"enemies":"Chosen","floor":18,"turns":6},{"damage":7,"enemies":"Spheric Guardian","floor":20,"turns":3},{"damage":10,"enemies":"Centurion and Healer","floor":21,"turns":7},{"damage":3,"enemies":"Gremlin Leader","floor":23,"turns":6},{"damage":0,"enemies":"Book of Stabbing","floor":25,"turns":4},{"damage":1,"enemies":"Masked Bandits","floor":27,"turns":5},{"damage":0,"enemies":"Snake Plant","floor":28,"turns":4},{"damage":0,"enemies":"3 Cultists","floor":29,"turns":5},{"damage":0,"enemies":"Centurion and Healer","floor":30,"turns":3},{"damage":7,"enemies":"Slavers","floor":31,"turns":3},{"damage":2,"enemies":"Collector","floor":33,"turns":6},{"damage":0,"enemies":"Orb Walker","floor":35,"turns":3},{"damage":0,"enemies":"3 Shapes","floor":38,"turns":3},{"damage":0,"enemies":"Giant Head","floor":41,"turns":6},{"damage":0,"enemies":"Nemesis","floor":44,"turns":3},{"damage":0,"enemies":"Maw","floor":45,"turns":6},{"damage":0,"enemies":"Giant Head","floor":46,"turns":4},{"damage":0,"enemies":"Transient","floor":47,"turns":6},{"damage":1,"enemies":"Writhing Mass","floor":48,"turns":5},{"damage":2,"enemies":"Awakened One","floor":50,"turns":15},{"damage":26,"enemies":"Time Eater","floor":51,"turns":15},{"damage":0,"enemies":"Shield and Spear","floor":55,"turns":6},{"damage":84,"enemies":"The Heart","floor":56,"turns":10}],"seed_played":"-5811934089369420876","neow_bonus_log":{"cardsObtained":["Parasite"],"cardsUpgraded":[],"cardsRemoved":[],"cardsTransformed":[],"relicsObtained":["Prayer Wheel"],"maxHpGained":0,"goldGained":0,"damageTaken":0,"goldLost":0,"maxHpLost":0},"potions_obtained":[{"floor":1,"key":"FearPotion"},{"floor":4,"key":"DistilledChaos"},{"floor":14,"key":"ColorlessPotion"},{"floor":20,"key":"SkillPotion"},{"floor":23,"key":"BlessingOfTheForge"},{"floor":27,"key":"EssenceOfSteel"},{"floor":28,"key":"Regen Potion"},{"floor":31,"key":"CunningPotion"}],"is_trial":false,"path_per_floor":["M","M","?","M","$","R","E","R","T","?","E","R","M","M","R","B",null,"M","?","M","M","$","E","R","E","T","?","M","M","M","E","R","B",null,"M","?","T","M","$","R","E","R","T","E","M","E","M","M","R","B","B",null,"R","$","E","B",null],"character_chosen":"THE_SILENT","items_purchased":["TwistedFunnel","Accuracy","Blade Dance","Acrobatics"],"campfire_rested":1,"item_purchase_floors":[39,54,54,54],"current_hp_per_floor":[49,42,42,40,40,40,16,34,34,39,33,33,33,35,35,20,59,54,54,51,43,43,42,42,44,44,45,47,63,65,60,60,60,87,89,89,89,93,93,93,95,95,95,97,99,99,101,102,102,100,74,99,99,99,101,17],"gold":134,"neow_bonus":"ONE_RARE_RELIC","is_prod":false,"is_daily":false,"rewards_skipped":[{"floor":7,"relics":[],"potions":["Dexterity Potion"]},{"floor":30,"relics":[],"potions":["ColorlessPotion"]},{"floor":41,"relics":[],"potions":["SpeedPotion"]},{"floor":45,"relics":[],"potions":["SteroidPotion"]}],"chose_seed":false,"campfire_upgraded":8,"win_rate":0,"floor_exit_playtime":[294,519,529,604,640,647,924,941,944,951,1004,1016,1120,1246,1255,1584,1666,1890,1909,2014,2197,2281,2466,2476,2665,2678,2863,3023,3236,3357,3539,3658,3942,4130,4453,4461,4471,4605,4641,4668,4803,4811,4814,4897,5034,5159,5297,5514,5535,6021,6569,6581,6604,6682,6872,7245],"timestamp":1657865925,"blue_key_relic_skipped_log":{"floor":37,"relicID":"Toy Ornithopter"},"path_taken":["M","?","?","M","$","R","E","R","T","?","E","R","M","M","R","BOSS","M","?","?","M","$","E","R","E","T","?","M","?","M","E","R","BOSS","M","?","?","?","$","R","E","R","T","E","M","E","M","M","R","BOSS","BOSS","R","$","E","BOSS"],"build_version":"2022-03-07","purchased_purges":4,"victory":true,"max_hp_per_floor":[66,66,66,66,63,63,63,63,63,68,68,68,70,72,72,72,72,74,74,78,80,80,82,82,84,84,86,88,90,92,94,94,96,96,98,93,93,97,97,97,99,99,99,101,103,103,105,107,107,107,107,107,107,107,109,109],"relic_stats":{"Regal Pillow":0,"Singing Bowl":46,"Happy Flower":[50],"counters":[31,175],"PreservedInsect":468,"Bag of Preparation":[2],"Bottled Tornado":"Well Laid Plans","Sozu":8,"Ornamental Fan":[432],"Gambling Chip":[50],"Prayer Wheel":16,"Pandora\u0027s Box":["Dagger Spray","Die Die Die","Die Die Die","Sucker Punch","After Image","Storm of Steel","Unload","Wraith Form v2","Leg Sweep","Tactician"],"Kunai":[63],"obtain_stats":[{"TwistedFunnel":39,"Lantern":43,"Regal Pillow":44,"Singing Bowl":7,"Happy Flower":11,"PreservedInsect":23,"Bag of Preparation":55,"Bottled Tornado":25,"Sozu":34,"HornCleat":41,"Ornamental Fan":26,"Gambling Chip":31,"Prayer Wheel":0,"Pandora\u0027s Box":17,"Red Mask":27,"Kunai":46,"InkBottle":9,"Ring of the Snake":0},{"TwistedFunnel":21,"Lantern":22,"Regal Pillow":23,"Singing Bowl":4,"Happy Flower":5,"PreservedInsect":12,"Bag of Preparation":30,"Bottled Tornado":13,"Sozu":19,"HornCleat":22,"Ornamental Fan":13,"Gambling Chip":18,"Prayer Wheel":0,"Pandora\u0027s Box":8,"Red Mask":14,"Kunai":25,"InkBottle":4,"Ring of the Snake":0},{"TwistedFunnel":99,"Lantern":105,"Regal Pillow":108,"Singing Bowl":22,"Happy Flower":25,"PreservedInsect":63,"Bag of Preparation":165,"Bottled Tornado":67,"Sozu":93,"HornCleat":105,"Ornamental Fan":67,"Gambling Chip":87,"Prayer Wheel":0,"Pandora\u0027s Box":41,"Red Mask":72,"Kunai":118,"InkBottle":22,"Ring of the Snake":0}],"InkBottle":[88],"Ring of the Snake":[62]},"card_choices":[{"not_picked":["Prepared","Bouncing Flask"],"picked":"Slice","floor":1},{"not_picked":["Quick Slash","Eviscerate"],"picked":"Blade Dance","floor":1},{"not_picked":["Acrobatics","Dagger Spray"],"picked":"Dagger Throw","floor":2},{"not_picked":["Tactician","Underhanded Strike","Flying Knee"],"picked":"SKIP","floor":2},{"not_picked":["Expertise","Dagger Spray"],"picked":"Wraith Form v2","floor":4},{"not_picked":["Outmaneuver","Distraction","Underhanded Strike"],"picked":"SKIP","floor":4},{"not_picked":["Bane","Skewer"],"picked":"Noxious Fumes","floor":7},{"not_picked":["Calculated Gamble","Concentrate"],"picked":"Well Laid Plans","floor":11},{"not_picked":["Flying Knee","Underhanded Strike"],"picked":"Deflect","floor":13},{"not_picked":["Deflect","Prepared","Bane"],"picked":"Singing Bowl","floor":13},{"not_picked":["Concentrate","Dagger Throw"],"picked":"Blade Dance","floor":14},{"not_picked":["Quick Slash","Underhanded Strike","Cloak And Dagger"],"picked":"Singing Bowl","floor":14},{"not_picked":["Bullet Time","Unload"],"picked":"Phantasmal Killer","floor":16},{"not_picked":["Skewer","Slice"],"picked":"Leg Sweep","floor":18},{"not_picked":["Dagger Throw","Outmaneuver","Deflect"],"picked":"Singing Bowl","floor":18},{"not_picked":["Poisoned Stab+1","Endless Agony","Bouncing Flask"],"picked":"Singing Bowl","floor":20},{"not_picked":["Poisoned Stab+1","Noxious Fumes","Endless Agony"],"picked":"Singing Bowl","floor":20},{"not_picked":["Blade Dance","Outmaneuver","Bane"],"picked":"Singing Bowl","floor":21},{"not_picked":["Sucker Punch+1","Outmaneuver"],"picked":"PiercingWail","floor":21},{"not_picked":["Dodge and Roll","Blade Dance","Deflect"],"picked":"Singing Bowl","floor":23},{"not_picked":["Flying Knee","Heel Hook","Prepared"],"picked":"Singing Bowl","floor":25},{"not_picked":["Outmaneuver","Noxious Fumes","Quick Slash"],"picked":"Singing Bowl","floor":27},{"not_picked":["Bane","PiercingWail"],"picked":"Venomology","floor":28},{"not_picked":["Flying Knee","Slice","Underhanded Strike"],"picked":"Singing Bowl","floor":28},{"not_picked":["Prepared","Bouncing Flask","Predator"],"picked":"Singing Bowl","floor":29},{"not_picked":["Bouncing Flask","Poisoned Stab"],"picked":"Finisher","floor":29},{"not_picked":["Endless Agony","Heel Hook+1"],"picked":"Blade Dance","floor":30},{"not_picked":["Well Laid Plans","Blur","Dagger Throw"],"picked":"Singing Bowl","floor":30},{"not_picked":["Deadly Poison","After Image","Setup"],"picked":"Singing Bowl","floor":31},{"not_picked":["Unload","Grand Finale","Corpse Explosion"],"picked":"Singing Bowl","floor":33},{"not_picked":["Outmaneuver","Underhanded Strike"],"picked":"Terror","floor":35},{"not_picked":["Concentrate","Deflect","Blade Dance"],"picked":"Singing Bowl","floor":35},{"not_picked":["Cloak And Dagger+1","Underhanded Strike","Dagger Spray"],"picked":"Singing Bowl","floor":38},{"not_picked":["Prepared","Deflect","Dagger Throw"],"picked":"Singing Bowl","floor":38},{"not_picked":["Underhanded Strike","Dagger Throw","Dagger Spray"],"picked":"Singing Bowl","floor":41},{"not_picked":["Masterful Stab","Underhanded Strike","PiercingWail"],"picked":"Singing Bowl","floor":44},{"not_picked":["Infinite Blades","All Out Attack"],"picked":"Blade Dance","floor":45},{"not_picked":["Bane+1","PiercingWail+1","Deflect"],"picked":"Singing Bowl","floor":45},{"not_picked":["Expertise+1","Concentrate"],"picked":"Wraith Form v2","floor":46},{"not_picked":["Cloak And Dagger","Crippling Poison"],"picked":"Finisher","floor":47},{"not_picked":["Bouncing Flask","Bane","Dodge and Roll"],"picked":"Singing Bowl","floor":47},{"not_picked":["Prepared","Dodge and Roll"],"picked":"Backflip","floor":48},{"not_picked":["Crippling Poison+1","Quick Slash","Terror"],"picked":"Singing Bowl","floor":48},{"not_picked":["Sucker Punch","Dodge and Roll","Dagger Throw+1"],"picked":"Singing Bowl","floor":55}],"player_experience":13063006,"relics_obtained":[{"floor":7,"key":"Singing Bowl"},{"floor":9,"key":"InkBottle"},{"floor":11,"key":"Happy Flower"},{"floor":23,"key":"PreservedInsect"},{"floor":25,"key":"Bottled Tornado"},{"floor":26,"key":"Ornamental Fan"},{"floor":27,"key":"Red Mask"},{"floor":31,"key":"Gambling Chip"},{"floor":41,"key":"HornCleat"},{"floor":43,"key":"Lantern"},{"floor":44,"key":"Regal Pillow"},{"floor":46,"key":"Kunai"},{"floor":55,"key":"Bag of Preparation"}],"event_choices":[{"damage_healed":0,"gold_gain":0,"player_choice":"Upgraded","damage_taken":0,"max_hp_gain":0,"max_hp_loss":0,"event_name":"Upgrade Shrine","floor":3,"gold_loss":0,"cards_upgraded":["Blade Dance"]},{"damage_healed":0,"gold_gain":0,"player_choice":"Donut","damage_taken":0,"max_hp_gain":5,"max_hp_loss":0,"event_name":"Big Fish","floor":10,"gold_loss":0},{"cards_removed":["Storm of Steel"],"damage_healed":0,"gold_gain":0,"player_choice":"Elegance","damage_taken":0,"max_hp_gain":0,"max_hp_loss":0,"event_name":"Back to Basics","floor":19,"gold_loss":0},{"damage_healed":0,"gold_gain":0,"player_choice":"Fought Bandits","damage_taken":0,"max_hp_gain":0,"max_hp_loss":0,"event_name":"Masked Bandits","floor":27,"gold_loss":0},{"damage_healed":0,"gold_gain":0,"player_choice":"Max HP","damage_taken":0,"max_hp_gain":0,"max_hp_loss":5,"event_name":"Winding Halls","floor":36,"gold_loss":0}],"is_beta":false,"boss_relics":[{"not_picked":["Ectoplasm","Black Star"],"picked":"Pandora\u0027s Box"},{"not_picked":["Busted Crown","Tiny House"],"picked":"Sozu"}],"items_purged_floors":[5,22,39,54],"is_endless":false,"potions_floor_spawned":[1,4,7,14,20,23,27,28,30,31,35,38,41,45,47],"ascension_level":20,"potion_discard_per_floor":[[],[],[],[],[],[],[],[],[],[],[],[],[],[],[],[],[],[],[],[],[],[],["SkillPotion"],[],[],[],[],[],[],[],["Weak Potion"],[],[],[],[],[],[],[],[],[],[],[],[],[],[],[],[],[],[],[],[],[],[],[],[],[],[]]}