{"neow_bonuses_skipped_log":["REMOVE_CARD","TEN_PERCENT_HP_BONUS","RANDOM_COLORLESS_2"],"neow_costs_skipped_log":["NONE","NONE","CURSE"],"gold_per_floor":[111,130,149,149,169,169,15,31,31,0,0,0,31,56,56,154,154,173,192,19,44,62,62,87,130,157,182,222,236,236,259,259,350,350,364,364,364,379,43,87,110,148,148,148,148,148,148,167,167,167,167,167,167,23,58,58],"floor_reached":57,"playtime":5498,"items_purged":["Strike_G","Blade Dance+1"],"score":2812,"play_id":"e5d284b3-1aa8-4c35-93d7-2a466d8971d3","local_time":"20220706161311","falling_options_log":["Terror+1","Caltrops"],"score_breakdown":["Floors Climbed (57): 285","Enemies Slain (18): 36","Exordium Elites Killed (1): 10","City Elites Killed (2): 40","Beyond Elites Killed (2): 60","Bosses Slain (5): 750","Perfect (2): 100","Ascension (20): 1281","Heartbreaker: 250"],"is_ascension_mode":true,"campfire_choices":[{"data":"Noxious Fumes","floor":6,"key":"SMITH"},{"data":"Poisoned Stab","floor":12,"key":"SMITH"},{"data":"Well Laid Plans","floor":15,"key":"SMITH"},{"data":"Footwork","floor":23,"key":"SMITH"},{"data":"Flechettes","floor":30,"key":"SMITH"},{"floor":32,"key":"REST"},{"floor":45,"key":"RECALL"},{"data":"Apotheosis","floor":47,"key":"SMITH"},{"floor":49,"key":"REST"},{"data":"Caltrops","floor":53,"key":"SMITH"}],"neow_cost":"NONE","seed_source_timestamp":188565510917700,"shop_contents":[{"floor":7,"relics":["Ancient Tea Set","StrikeDummy","Frozen Eye"],"cards":["Finisher","All Out Attack","PiercingWail","Terror","Mind Blast","Thinking Ahead"],"potions":["LiquidBronze","CultistPotion","ColorlessPotion"]},{"floor":20,"relics":["Ginger","HandDrill"],"cards":["Slice","Dagger Spray","Prepared","Leg Sweep","Well Laid Plans","Finesse","Transmutation"],"potions":["BlessingOfTheForge","GamblersBrew","PowerPotion"]},{"floor":39,"relics":["Happy Flower","Blood Vial"],"cards":["Choke","Dagger Throw","Prepared","Accuracy+1","Deep Breath","Chrysalis"],"potions":["EssenceOfSteel","DuplicationPotion","SteroidPotion"]},{"floor":54,"relics":["Oddly Smooth Stone","Akabeko","Membership Card"],"cards":["Die Die Die","Flying Knee","Backflip","Cloak And Dagger","Noxious Fumes+1","Chrysalis"],"potions":["Strength Potion","EntropicBrew"]}],"circlet_count":0,"master_deck":["AscendersBane","Defend_G","Defend_G","Defend_G+1","Defend_G","Defend_G","Survivor","Neutralize","Caltrops+1","Poisoned Stab+1","Noxious Fumes+1","Footwork+1","Well Laid Plans+1","Backflip","Crippling Poison+1","Blur","Adrenaline","Bane+1","Terror+1","Dash","Backflip+1","PiercingWail","Flechettes+1","PiercingWail","CurseOfTheBell","Night Terror","Calculated Gamble","Deadly Poison","Dodge and Roll+1","Apotheosis+1","PanicButton","Dodge and Roll+1"],"potion_use_per_floor":[[],[],[],[],[],[],[],[],[],[],[],[],[],[],[],[],[],[],[],[],[],["Regen Potion"],[],[],["Weak Potion"],[],[],[],[],[],[],[],["BlessingOfTheForge"],[],[],[],[],[],[],[],[],[],[],[],[],[],[],[],[],[],[],[],[],[],[],["SpeedPotion","Weak Potion"],[]],"relics":["Velvet Choker","Golden Idol","Pocketwatch","Gambling Chip","Astrolabe","Snake Skull","Thread and Needle","War Paint","Frozen Egg 2","Calling Bell","Pen Nib","Blue Candle","FossilizedHelix","OrangePellets","MealTicket","Bird Faced Urn","Eternal Feather"],"potions_floor_usage":[22,25,33,56,56],"damage_taken":[{"damage":1,"enemies":"Small Slimes","floor":1,"turns":5},{"damage":2,"enemies":"2 Louse","floor":2,"turns":4},{"damage":0,"enemies":"Cultist","floor":3,"turns":5},{"damage":9,"enemies":"Large Slime","floor":5,"turns":7},{"damage":7,"enemies":"Exordium Wildlife","floor":8,"turns":5},{"damage":0,"enemies":"Looter","floor":10,"turns":4},{"damage":3,"enemies":"3 Sentries","floor":13,"turns":6},{"damage":5,"enemies":"3 Louse","floor":14,"turns":2},{"damage":1,"enemies":"Hexaghost","floor":16,"turns":8},{"damage":7,"enemies":"Shell Parasite","floor":18,"turns":6},{"damage":0,"enemies":"Spheric Guardian","floor":19,"turns":5},{"damage":0,"enemies":"3 Cultists","floor":21,"turns":4},{"damage":0,"enemies":"Cultist and Chosen","floor":22,"turns":6},{"damage":1,"enemies":"Centurion and Healer","floor":24,"turns":6},{"damage":20,"enemies":"Slavers","floor":25,"turns":5},{"damage":0,"enemies":"Sentry and Sphere","floor":27,"turns":6},{"damage":2,"enemies":"Book of Stabbing","floor":28,"turns":5},{"damage":0,"enemies":"Chosen and Byrds","floor":29,"turns":4},{"damage":14,"enemies":"Snake Plant","floor":31,"turns":3},{"damage":5,"enemies":"Collector","floor":33,"turns":10},{"damage":0,"enemies":"3 Shapes","floor":35,"turns":6},{"damage":0,"enemies":"3 Darklings","floor":38,"turns":5},{"damage":19,"enemies":"Reptomancer","floor":40,"turns":11},{"damage":0,"enemies":"Maw","floor":41,"turns":8},{"damage":2,"enemies":"Nemesis","floor":42,"turns":7},{"damage":9,"enemies":"Sphere and 2 Shapes","floor":48,"turns":7},{"damage":17,"enemies":"Awakened One","floor":50,"turns":17},{"damage":1,"enemies":"Time Eater","floor":51,"turns":16},{"damage":6,"enemies":"Shield and Spear","floor":55,"turns":9},{"damage":1,"enemies":"The Heart","floor":56,"turns":12}],"seed_played":"-6209929490426330817","neow_bonus_log":{"cardsObtained":[],"cardsUpgraded":[],"cardsRemoved":[],"cardsTransformed":[],"relicsObtained":["Velvet Choker"],"maxHpGained":0,"goldGained":0,"damageTaken":0,"goldLost":0,"maxHpLost":0},"potions_obtained":[{"floor":3,"key":"Weak Potion"},{"floor":8,"key":"ColorlessPotion"},{"floor":13,"key":"BlessingOfTheForge"},{"floor":21,"key":"Regen Potion"},{"floor":22,"key":"Weak Potion"},{"floor":28,"key":"Strength Potion"},{"floor":33,"key":"ColorlessPotion"},{"floor":35,"key":"Strength Potion"},{"floor":40,"key":"Poison Potion"},{"floor":55,"key":"SpeedPotion"}],"is_trial":false,"path_per_floor":["M","M","M","?","M","R","$","M","T","M","?","R","E","M","R","B",null,"M","M","$","M","M","R","M","E","T","M","E","M","R","M","R","B",null,"M","?","?","M","$","E","M","E","T","?","R","?","R","M","R","B","B",null,"R","$","E","B",null],"character_chosen":"THE_SILENT","items_purchased":["Well Laid Plans","Snake Skull","OrangePellets","Calculated Gamble","PanicButton","Weak Potion"],"campfire_rested":2,"item_purchase_floors":[7,20,39,39,54,54],"current_hp_per_floor":[58,56,56,56,47,47,47,40,40,40,40,40,37,32,32,31,53,46,46,46,46,60,60,59,39,39,39,37,37,37,23,41,36,54,54,54,54,54,54,35,35,33,33,23,23,23,23,28,45,42,49,55,55,57,57,57],"gold":58,"neow_bonus":"BOSS_RELIC","is_prod":false,"is_daily":false,"rewards_skipped":[{"floor":14,"relics":[],"potions":["CunningPotion"]},{"floor":16,"relics":[],"potions":["Poison Potion"]},{"floor":29,"relics":[],"potions":["ColorlessPotion"]},{"floor":41,"relics":[],"potions":["Energy Potion"]}],"chose_seed":false,"campfire_upgraded":7,"win_rate":0,"floor_exit_playtime":[172,226,301,314,454,463,562,638,657,759,785,798,920,980,993,1184,1372,1476,1579,1612,1751,1866,1878,1992,2226,2249,2407,2516,2608,2617,2685,2700,2920,2973,3067,3080,3087,3189,3247,3555,3692,3860,3866,3893,3906,3920,3928,4109,4114,4475,4739,4765,4786,4848,5103,5498],"timestamp":1657138391,"blue_key_relic_skipped_log":{"floor":43,"relicID":"Ninja Scroll"},"path_taken":["M","M","M","?","M","R","$","M","T","M","?","R","E","?","R","BOSS","M","M","$","M","M","R","M","E","T","M","E","M","R","M","R","BOSS","M","?","?","M","?","E","?","E","T","?","R","?","R","M","R","BOSS","BOSS","R","$","E","BOSS"],"build_version":"2022-03-07","purchased_purges":2,"victory":true,"max_hp_per_floor":[66,66,66,60,60,60,60,60,60,60,60,60,60,60,60,60,60,60,60,60,60,60,60,60,60,60,60,60,60,60,60,60,60,60,60,57,57,57,57,57,57,57,57,57,57,57,57,57,57,57,57,57,57,57,57,57],"relic_stats":{"counters":[30,204],"Golden Idol":203,"Astrolabe":["Blade Dance","Bane","Terror"],"Blue Candle":[5],"Eternal Feather":0,"Snake Skull":[239],"Pen Nib":[8],"War Paint":["Defend_G","Backflip"],"OrangePellets":[11],"Gambling Chip":[65],"Bird Faced Urn":[43],"MealTicket":2,"obtain_stats":[{"Golden Idol":4,"Astrolabe":17,"Blue Candle":34,"Velvet Choker":0,"Thread and Needle":25,"Eternal Feather":55,"Snake Skull":20,"Pen Nib":34,"War Paint":26,"Frozen Egg 2":28,"Calling Bell":34,"OrangePellets":39,"Gambling Chip":13,"Bird Faced Urn":42,"MealTicket":40,"FossilizedHelix":34,"Ring of the Snake":0,"Pocketwatch":9},{"Golden Idol":3,"Astrolabe":9,"Blue Candle":20,"Velvet Choker":0,"Thread and Needle":15,"Eternal Feather":29,"Snake Skull":11,"Pen Nib":20,"War Paint":15,"Frozen Egg 2":17,"Calling Bell":20,"OrangePellets":22,"Gambling Chip":7,"Bird Faced Urn":25,"MealTicket":23,"FossilizedHelix":20,"Ring of the Snake":0,"Pocketwatch":5},{"Golden Idol":14,"Astrolabe":46,"Blue Candle":106,"Velvet Choker":0,"Thread and Needle":78,"Eternal Feather":192,"Snake Skull":57,"Pen Nib":106,"War Paint":78,"Frozen Egg 2":89,"Calling Bell":106,"OrangePellets":117,"Gambling Chip":36,"Bird Faced Urn":143,"MealTicket":128,"FossilizedHelix":106,"Ring of the Snake":0,"Pocketwatch":26}],"FossilizedHelix":[108],"Pocketwatch":[267]},"card_choices":[{"not_picked":["Outmaneuver","Riddle With Holes"],"picked":"Caltrops","floor":1},{"not_picked":["Prepared","Acrobatics"],"picked":"Poisoned Stab","floor":2},{"not_picked":["Slice","Blade Dance"],"picked":"Noxious Fumes","floor":3},{"not_picked":["Envenom","Blade Dance"],"picked":"Footwork","floor":5},{"not_picked":["Riddle With Holes","Eviscerate"],"picked":"Backflip","floor":8},{"not_picked":["Distraction","Well Laid Plans"],"picked":"Crippling Poison","floor":10},{"not_picked":["Distraction","Masterful Stab","Sucker Punch"],"picked":"SKIP","floor":13},{"not_picked":["Distraction","Masterful Stab","Sucker Punch"],"picked":"SKIP","floor":13},{"not_picked":["Underhanded Strike","Blade Dance"],"picked":"Blur","floor":14},{"not_picked":["Tools of the Trade","A Thousand Cuts"],"picked":"Adrenaline","floor":16},{"not_picked":["Quick Slash","Blade Dance"],"picked":"Dash","floor":18},{"not_picked":["Caltrops","Distraction"],"picked":"Backflip","floor":19},{"not_picked":["Sucker Punch","Underhanded Strike","Concentrate"],"picked":"SKIP","floor":21},{"not_picked":["Choke","Flying Knee","Backflip"],"picked":"SKIP","floor":22},{"not_picked":["Bane","Quick Slash"],"picked":"PiercingWail","floor":24},{"not_picked":["Distraction","Dagger Throw+1","Backflip"],"picked":"SKIP","floor":25},{"not_picked":["Phantasmal Killer","Blade Dance"],"picked":"Flechettes","floor":27},{"not_picked":["Dagger Throw+1","Dodge and Roll"],"picked":"PiercingWail","floor":28},{"not_picked":["Outmaneuver","Glass Knife","Dagger Spray"],"picked":"SKIP","floor":29},{"not_picked":["Outmaneuver","Glass Knife","Dagger Spray"],"picked":"SKIP","floor":29},{"not_picked":["Poisoned Stab","Reflex+1","Outmaneuver"],"picked":"SKIP","floor":31},{"not_picked":["Poisoned Stab","Reflex+1","Outmaneuver"],"picked":"SKIP","floor":31},{"not_picked":["Outmaneuver","Blade Dance+1","Cloak And Dagger"],"picked":"SKIP","floor":35},{"not_picked":["Calculated Gamble","Reflex"],"picked":"Night Terror","floor":38},{"not_picked":["Underhanded Strike","Outmaneuver","Sucker Punch"],"picked":"SKIP","floor":40},{"not_picked":["Underhanded Strike","Outmaneuver","Sucker Punch"],"picked":"SKIP","floor":40},{"not_picked":["Cloak And Dagger","Deflect"],"picked":"Deadly Poison","floor":41},{"not_picked":["Slice","Quick Slash+1"],"picked":"Dodge and Roll+1","floor":42},{"not_picked":["Dramatic Entrance","Violence"],"picked":"Apotheosis","floor":44},{"not_picked":["Flash of Steel","Deep Breath","Thinking Ahead"],"picked":"SKIP","floor":44},{"not_picked":["Chrysalis","Deep Breath","Flash of Steel"],"picked":"SKIP","floor":44},{"not_picked":["Blade Dance","Dagger Spray+1","Outmaneuver+1"],"picked":"SKIP","floor":48},{"not_picked":["Dash","Predator+1"],"picked":"Dodge and Roll+1","floor":55}],"player_experience":7343105,"relics_obtained":[{"floor":9,"key":"Pocketwatch"},{"floor":13,"key":"Gambling Chip"},{"floor":25,"key":"Thread and Needle"},{"floor":26,"key":"War Paint"},{"floor":28,"key":"Frozen Egg 2"},{"floor":34,"key":"Pen Nib"},{"floor":34,"key":"Blue Candle"},{"floor":34,"key":"FossilizedHelix"},{"floor":40,"key":"MealTicket"},{"floor":42,"key":"Bird Faced Urn"},{"floor":55,"key":"Eternal Feather"}],"event_choices":[{"damage_healed":0,"gold_gain":0,"player_choice":"Lose Max HP","damage_taken":0,"relics_obtained":["Golden Idol"],"max_hp_gain":0,"max_hp_loss":6,"event_name":"Golden Idol","floor":4,"gold_loss":0},{"damage_healed":0,"gold_gain":0,"player_choice":"Forge","damage_taken":0,"max_hp_gain":0,"max_hp_loss":0,"event_name":"Accursed Blacksmith","floor":11,"gold_loss":0,"cards_upgraded":["Crippling Poison"]},{"damage_healed":0,"gold_gain":0,"player_choice":"Max HP","damage_taken":0,"max_hp_gain":0,"max_hp_loss":3,"event_name":"Winding Halls","floor":36,"gold_loss":0},{"cards_removed":["Strike_G"],"damage_healed":0,"gold_gain":0,"player_choice":"Removed Attack","damage_taken":0,"max_hp_gain":0,"max_hp_loss":0,"event_name":"Falling","floor":37,"gold_loss":0},{"damage_healed":0,"gold_gain":0,"player_choice":"Memory 3","damage_taken":10,"max_hp_gain":0,"max_hp_loss":0,"event_name":"SensoryStone","floor":44,"gold_loss":0},{"damage_healed":0,"gold_gain":0,"player_choice":"Ignored","damage_taken":0,"max_hp_gain":0,"max_hp_loss":0,"event_name":"Mysterious Sphere","floor":46,"gold_loss":0}],"is_beta":false,"boss_relics":[{"not_picked":["SacredBark","WristBlade"],"picked":"Astrolabe"},{"not_picked":["Philosopher\u0027s Stone","Sozu"],"picked":"Calling Bell"}],"items_purged_floors":[7,39],"is_endless":false,"potions_floor_spawned":[3,8,13,14,16,21,22,28,29,33,35,40,41,55],"ascension_level":20,"potion_discard_per_floor":[[],[],[],[],[],[],[],[],[],[],[],[],["Weak Potion"],[],[],[],[],[],[],[],["ColorlessPotion"],[],[],[],[],[],[],[],[],[],[],[],[],[],["Strength Potion"],[],[],[],[],["Strength Potion"],[],[],[],[],[],[],[],[],[],[],[],[],[],["ColorlessPotion"],["Poison Potion"],[],[]]}