{"gold_per_floor":[110,75,75,91,104,104,115,145,225,258,277,304,317,344,356,444,456,483,519,11,25,25,56,56,90,136,136,136,136,136,150,150,224,224,243,243,3,17,36,63,63,112,112,146,146,158,187,205,205,205,205,205,205,46,81,81],"floor_reached":57,"playtime":7736,"items_purged":["Bite"],"score":3216,"play_id":"b0a4ace2-7e08-4e2a-a625-7110d549bb5b","local_time":"20220713003451","is_ascension_mode":true,"campfire_choices":[{"data":"Venomology","floor":6,"key":"SMITH"},{"data":"Poisoned Stab","floor":15,"key":"SMITH"},{"floor":24,"key":"RECALL"},{"data":"Well Laid Plans","floor":29,"key":"SMITH"},{"floor":32,"key":"REST"},{"floor":41,"key":"REST"},{"floor":45,"key":"REST"},{"floor":49,"key":"REST"},{"floor":53,"key":"REST"}],"neow_cost":"NONE","seed_source_timestamp":1174329237484300,"shop_contents":[{"floor":20,"relics":["Frozen Egg 2"],"cards":["Sucker Punch","Slice","Bandage Up+1","Apotheosis+1"],"potions":["SpeedPotion","Dexterity Potion","Dexterity Potion"]},{"floor":37,"relics":["Bottled Flame","Ninja Scroll"],"cards":["Predator","Riddle With Holes","Blade Dance+1","Well Laid Plans","Deep Breath+1","Master of Strategy+1"],"potions":["BlessingOfTheForge","Swift Potion","Weak Potion"]},{"floor":54,"relics":["Centennial Puzzle","Cauldron"],"cards":["Underhanded Strike","Predator","Dodge and Roll+1","Outmaneuver+1","Accuracy","Dark Shackles+1","Sadistic Nature"],"potions":["PowerPotion","Swift Potion","BlessingOfTheForge"]}],"circlet_count":0,"master_deck":["AscendersBane","Defend_G","Defend_G","Defend_G","Defend_G","Survivor","Neutralize","Venomology+1","Dagger Throw","Deadly Poison+1","Poisoned Stab+1","Doppelganger+1","Leg Sweep+1","Burst+1","Calculated Gamble+1","Catalyst+1","Bullet Time+1","Reflex+1","Blade Dance+1","PiercingWail+1","PiercingWail+1","Acrobatics+1","Well Laid Plans+1","Ghostly+1","Ghostly+1","Ghostly+1","Bite","Bite","Bite","Bite","Crippling Poison+1","Bouncing Flask+1","Corpse Explosion+1","Outmaneuver+1","Tactician+1","PiercingWail+1","Bullet Time+1","Noxious Fumes+1","Backflip+1","Acrobatics+1","Prepared+1"],"potion_use_per_floor":[[],[],[],[],["SkillPotion"],[],["Explosive Potion"],["AttackPotion","Ancient Potion"],[],["Regen Potion"],["Swift Potion"],["Explosive Potion","ColorlessPotion"],["Energy Potion"],["PowerPotion"],[],["BlessingOfTheForge","ColorlessPotion"],[],["GhostInAJar","Poison Potion"],[],[],[],[],["Explosive Potion","Strength Potion"],[],[],[],[],[],[],[],["AttackPotion"],[],["Fire Potion"],[],["Dexterity Potion"],[],[],[],[],["SpeedPotion"],[],[],[],[],[],[],[],[],[],[],[],[],[],[],[],["GamblersBrew","GhostInAJar"],[]],"relics":["Ring of the Snake","Toxic Egg 2","Shuriken","Eternal Feather","Vajra","MawBank","SlaversCollar","Bronze Scales","Bag of Preparation","OrangePellets","Orichalcum","Singing Bowl","Dream Catcher","Nunchaku","Runic Pyramid","Membership Card","Snake Skull","Thread and Needle","Blue Candle","Pen Nib","CaptainsWheel","The Specimen"],"potions_floor_usage":[5,7,8,8,10,11,12,12,13,14,16,16,18,18,23,23,31,33,35,40,56,56],"damage_taken":[{"damage":4,"enemies":"Cultist","floor":1,"turns":5},{"damage":0,"enemies":"Small Slimes","floor":4,"turns":6},{"damage":0,"enemies":"2 Louse","floor":5,"turns":3},{"damage":0,"enemies":"Lots of Slimes","floor":7,"turns":3},{"damage":9,"enemies":"Gremlin Nob","floor":8,"turns":4},{"damage":18,"enemies":"Lagavulin","floor":10,"turns":6},{"damage":0,"enemies":"Large Slime","floor":11,"turns":3},{"damage":12,"enemies":"3 Sentries","floor":12,"turns":11},{"damage":0,"enemies":"Looter","floor":13,"turns":2},{"damage":0,"enemies":"Lagavulin","floor":14,"turns":7},{"damage":32,"enemies":"Slime Boss","floor":16,"turns":9},{"damage":6,"enemies":"Shell Parasite","floor":18,"turns":5},{"damage":2,"enemies":"2 Thieves","floor":21,"turns":3},{"damage":11,"enemies":"Gremlin Leader","floor":23,"turns":4},{"damage":0,"enemies":"Book of Stabbing","floor":25,"turns":2},{"damage":0,"enemies":"Chosen and Byrds","floor":31,"turns":4},{"damage":0,"enemies":"Collector","floor":33,"turns":5},{"damage":7,"enemies":"3 Darklings","floor":35,"turns":3},{"damage":0,"enemies":"Orb Walker","floor":38,"turns":4},{"damage":0,"enemies":"Spire Growth","floor":39,"turns":4},{"damage":3,"enemies":"Giant Head","floor":40,"turns":7},{"damage":5,"enemies":"2 Orb Walkers","floor":42,"turns":3},{"damage":0,"enemies":"Nemesis","floor":44,"turns":5},{"damage":0,"enemies":"4 Shapes","floor":46,"turns":4},{"damage":0,"enemies":"Reptomancer","floor":47,"turns":3},{"damage":10,"enemies":"Transient","floor":48,"turns":6},{"damage":11,"enemies":"Time Eater","floor":50,"turns":4},{"damage":20,"enemies":"Awakened One","floor":51,"turns":9},{"damage":0,"enemies":"Shield and Spear","floor":55,"turns":4},{"damage":35,"enemies":"The Heart","floor":56,"turns":10}],"seed_played":"-2911307685327476155","neow_bonus_log":{"cardsObtained":["Venomology"],"cardsUpgraded":[],"cardsRemoved":[],"cardsTransformed":[],"relicsObtained":[],"maxHpGained":0,"goldGained":0,"damageTaken":0,"goldLost":0,"maxHpLost":0},"potions_obtained":[{"floor":1,"key":"Explosive Potion"},{"floor":8,"key":"Regen Potion"},{"floor":12,"key":"Energy Potion"},{"floor":18,"key":"Fire Potion"},{"floor":36,"key":"SpeedPotion"}],"is_trial":false,"path_per_floor":["M","?","?","M","M","R","M","E","T","E","M","E","M","E","R","B",null,"M","T","$","M","?","E","R","E","T","?","?","R","?","M","R","B",null,"M","?","$","M","M","E","R","?","T","E","R","M","E","M","R","B","B",null,"R","$","E","B",null],"character_chosen":"THE_SILENT","items_purchased":["Bag of Preparation","OrangePellets","Blade Dance+1","Well Laid Plans","PiercingWail+1","Membership Card","Tactician+1","CaptainsWheel"],"campfire_rested":5,"item_purchase_floors":[20,20,20,20,20,37,37,54],"current_hp_per_floor":[55,66,55,55,55,55,55,46,46,43,43,31,33,35,47,17,54,50,50,50,50,50,41,56,58,58,33,33,33,33,33,33,33,33,32,32,32,33,33,33,33,33,33,33,35,37,39,37,43,32,26,39,45,45,47,16],"gold":81,"neow_bonus":"ONE_RANDOM_RARE_CARD","is_prod":false,"is_daily":false,"rewards_skipped":[{"floor":11,"relics":[],"potions":["Block Potion"]},{"floor":14,"relics":[],"potions":["Dexterity Potion"]},{"floor":36,"relics":[],"potions":["Explosive Potion"]},{"floor":40,"relics":[],"potions":["AttackPotion"]},{"floor":42,"relics":[],"potions":["Strength Potion"]},{"floor":46,"relics":[],"potions":["Strength Potion"]},{"floor":55,"relics":[],"potions":["ColorlessPotion"]}],"chose_seed":false,"campfire_upgraded":3,"win_rate":0,"floor_exit_playtime":[273,363,368,526,638,650,717,865,871,1107,1196,1463,1568,1996,2002,2398,2645,2903,2908,3091,3234,3312,3500,3542,3613,3645,3649,3693,3701,3757,3898,3938,4374,4485,4587,4614,4711,4818,4917,5117,5144,5266,5270,5681,5690,5831,6016,6192,6205,6473,6969,6980,7002,7077,7252,7736],"timestamp":1657686891,"blue_key_relic_skipped_log":{"floor":43,"relicID":"Prayer Wheel"},"path_taken":["M","?","?","M","M","R","?","E","T","E","M","E","M","E","R","BOSS","M","?","$","M","?","E","R","E","T","?","?","R","?","M","R","BOSS","M","?","$","M","M","E","R","?","T","E","R","M","E","M","R","BOSS","BOSS","R","$","E","BOSS"],"build_version":"2022-03-07","purchased_purges":1,"victory":true,"max_hp_per_floor":[66,66,66,66,66,66,66,66,66,66,66,66,66,66,66,66,66,66,66,66,66,66,66,66,66,66,33,33,33,33,33,33,33,33,33,33,33,33,33,33,33,33,33,33,35,37,39,41,43,43,43,43,45,45,47,47],"relic_stats":{"Singing Bowl":14,"The Specimen":[0],"counters":[30,148],"Blue Candle":[1],"Eternal Feather":35,"Snake Skull":[108],"Pen Nib":[4],"Bag of Preparation":[36],"Orichalcum":[282],"MawBank":72,"OrangePellets":[6],"Dream Catcher":5,"Nunchaku":[12],"Shuriken":[36],"Bronze Scales":[402],"Membership Card":239,"obtain_stats":[{"Singing Bowl":23,"The Specimen":55,"Blue Candle":44,"Vajra":10,"Eternal Feather":9,"Thread and Needle":42,"Snake Skull":40,"Pen Nib":47,"Bag of Preparation":20,"Orichalcum":22,"MawBank":14,"Blood Vial":12,"SlaversCollar":17,"OrangePellets":20,"Dream Catcher":25,"Nunchaku":26,"CaptainsWheel":54,"Shuriken":8,"Bronze Scales":19,"Membership Card":37,"Toxic Egg 2":3,"Ring of the Snake":0,"Runic Pyramid":34},{"Singing Bowl":14,"The Specimen":29,"Blue Candle":23,"Vajra":6,"Eternal Feather":5,"Thread and Needle":22,"Snake Skull":21,"Pen Nib":25,"Bag of Preparation":12,"Orichalcum":13,"MawBank":10,"Blood Vial":8,"SlaversCollar":11,"OrangePellets":12,"Dream Catcher":15,"Nunchaku":15,"CaptainsWheel":28,"Shuriken":5,"Bronze Scales":12,"Membership Card":18,"Toxic Egg 2":1,"Ring of the Snake":0,"Runic Pyramid":17},{"Singing Bowl":71,"The Specimen":138,"Blue Candle":108,"Vajra":27,"Eternal Feather":21,"Thread and Needle":103,"Snake Skull":100,"Pen Nib":115,"Bag of Preparation":64,"Orichalcum":67,"MawBank":50,"Blood Vial":41,"SlaversCollar":59,"OrangePellets":64,"Dream Catcher":73,"Nunchaku":73,"CaptainsWheel":134,"Shuriken":21,"Bronze Scales":64,"Membership Card":85,"Toxic Egg 2":5,"Ring of the Snake":0,"Runic Pyramid":82}],"Ring of the Snake":[60]},"card_choices":[{"not_picked":["Outmaneuver","Caltrops","Blur"],"picked":"SKIP","floor":1},{"not_picked":["Noxious Fumes","Tactician+1"],"picked":"Dagger Throw","floor":4},{"not_picked":["Deflect+1","Outmaneuver+1"],"picked":"Deadly Poison+1","floor":5},{"not_picked":["Footwork","Riddle With Holes"],"picked":"Poisoned Stab","floor":7},{"not_picked":["Predator","PiercingWail+1"],"picked":"Doppelganger+1","floor":8},{"not_picked":["PiercingWail+1","Eviscerate","Deadly Poison+1"],"picked":"SKIP","floor":10},{"not_picked":["Endless Agony","Sucker Punch"],"picked":"Leg Sweep+1","floor":11},{"not_picked":["Dodge and Roll+1","Doppelganger+1"],"picked":"Burst+1","floor":12},{"not_picked":["Flying Knee","Leg Sweep+1"],"picked":"Calculated Gamble+1","floor":13},{"not_picked":["Wraith Form v2","Bane"],"picked":"Catalyst+1","floor":14},{"not_picked":["Grand Finale","Doppelganger+1"],"picked":"Bullet Time+1","floor":16},{"not_picked":["Concentrate+1","Flying Knee"],"picked":"Reflex+1","floor":18},{"not_picked":["Sucker Punch","Poisoned Stab"],"picked":"PiercingWail+1","floor":21},{"not_picked":["Deadly Poison+1","Deflect+1"],"picked":"Acrobatics+1","floor":23},{"not_picked":["Doppelganger+1","Caltrops"],"picked":"Well Laid Plans","floor":25},{"not_picked":["Skewer+1","Endless Agony"],"picked":"Crippling Poison+1","floor":31},{"not_picked":["Deflect+1","Infinite Blades"],"picked":"Bouncing Flask+1","floor":32},{"not_picked":["After Image","Envenom"],"picked":"Corpse Explosion+1","floor":33},{"not_picked":["Acrobatics+1","Deflect+1"],"picked":"Outmaneuver+1","floor":35},{"not_picked":["Dagger Spray","Poisoned Stab"],"picked":"PiercingWail+1","floor":38},{"not_picked":["Bane","Outmaneuver+1"],"picked":"Bullet Time+1","floor":39},{"not_picked":["A Thousand Cuts","Distraction+1"],"picked":"Noxious Fumes+1","floor":40},{"not_picked":["Deflect+1","Accuracy+1"],"picked":"Backflip+1","floor":41},{"not_picked":["Bane","Dash"],"picked":"Acrobatics+1","floor":42},{"not_picked":["Setup+1","Finisher"],"picked":"Prepared+1","floor":44},{"not_picked":["Underhanded Strike+1","Deadly Poison+1","Phantasmal Killer+1"],"picked":"Singing Bowl","floor":45},{"not_picked":["Bane+1","Crippling Poison+1","Finisher"],"picked":"Singing Bowl","floor":46},{"not_picked":["Footwork","Cloak And Dagger+1","Dodge and Roll+1"],"picked":"Singing Bowl","floor":47},{"not_picked":["Bane","Poisoned Stab","Noxious Fumes"],"picked":"Singing Bowl","floor":48},{"not_picked":["Underhanded Strike","Endless Agony","Footwork"],"picked":"Singing Bowl","floor":49},{"not_picked":["Deflect+1","Cloak And Dagger+1","Sucker Punch+1"],"picked":"Singing Bowl","floor":53},{"not_picked":["Corpse Explosion+1","Blade Dance+1","Skewer"],"picked":"Singing Bowl","floor":55}],"player_experience":13038213,"relics_obtained":[{"floor":8,"key":"Shuriken"},{"floor":9,"key":"Eternal Feather"},{"floor":10,"key":"Vajra"},{"floor":12,"key":"Blood Vial"},{"floor":14,"key":"MawBank"},{"floor":19,"key":"Bronze Scales"},{"floor":23,"key":"Singing Bowl"},{"floor":25,"key":"Dream Catcher"},{"floor":26,"key":"Nunchaku"},{"floor":40,"key":"Snake Skull"},{"floor":42,"key":"Thread and Needle"},{"floor":44,"key":"Blue Candle"},{"floor":47,"key":"Pen Nib"},{"floor":55,"key":"The Specimen"}],"event_choices":[{"damage_healed":16,"gold_gain":0,"player_choice":"Healed","damage_taken":0,"max_hp_gain":0,"max_hp_loss":0,"event_name":"The Cleric","floor":2,"gold_loss":35},{"damage_healed":0,"gold_gain":0,"player_choice":"Success","damage_taken":11,"relics_obtained":["Toxic Egg 2"],"max_hp_gain":0,"max_hp_loss":0,"event_name":"Scrap Ooze","floor":3,"gold_loss":0},{"cards_removed":["Well Laid Plans"],"damage_healed":0,"gold_gain":0,"player_choice":"Gave Card","damage_taken":0,"relics_obtained":["Orichalcum"],"max_hp_gain":0,"max_hp_loss":0,"event_name":"WeMeetAgain","floor":22,"gold_loss":0},{"damage_healed":0,"gold_gain":0,"player_choice":"Became a Ghost","damage_taken":0,"max_hp_gain":0,"max_hp_loss":33,"event_name":"Ghosts","floor":27,"gold_loss":0,"cards_obtained":["Ghostly","Ghostly","Ghostly"]},{"damage_healed":0,"gold_gain":0,"player_choice":"Became a vampire (Vial)","damage_taken":0,"max_hp_gain":0,"max_hp_loss":0,"event_name":"Vampires","floor":28,"relics_lost":["Blood Vial"],"gold_loss":0,"cards_obtained":["Bite","Bite","Bite","Bite","Bite"]},{"cards_removed":["Defend_G"],"damage_healed":0,"gold_gain":0,"player_choice":"Elegance","damage_taken":0,"max_hp_gain":0,"max_hp_loss":0,"event_name":"Back to Basics","floor":30,"gold_loss":0},{"damage_healed":0,"gold_gain":0,"player_choice":"Got Potions","damage_taken":0,"max_hp_gain":0,"max_hp_loss":0,"event_name":"Lab","floor":36,"gold_loss":0},{"damage_healed":0,"gold_gain":0,"player_choice":"Fight","damage_taken":0,"max_hp_gain":0,"max_hp_loss":0,"event_name":"Mysterious Sphere","floor":42,"gold_loss":0}],"is_beta":false,"boss_relics":[{"not_picked":["WristBlade","Runic Dome"],"picked":"SlaversCollar"},{"not_picked":["Philosopher\u0027s Stone","Calling Bell"],"picked":"Runic Pyramid"}],"items_purged_floors":[37],"is_endless":false,"potions_floor_spawned":[1,8,11,12,14,18,40,42,46,55],"ascension_level":20,"potion_discard_per_floor":[[],[],[],[],[],[],[],[],[],[],[],[],[],[],[],[],[],[],[],[],[],[],[],[],[],[],[],[],[],[],[],[],[],[],[],[],[],[],[],[],[],[],[],[],[],[],[],[],[],[],[],[],[],[],[],["SneckoOil","SneckoOil"],[]]}