{"gold_per_floor":[111,130,95,95,95,95,95],"floor_reached":7,"playtime":246,"items_purged":[],"score":78,"play_id":"3df262e3-f920-4ea2-b9cc-c31a22c3f780","local_time":"20220111182504","is_ascension_mode":true,"campfire_choices":[{"data":"Anger","floor":6,"key":"SMITH"}],"neow_cost":"NONE","seed_source_timestamp":284798752565600,"circlet_count":0,"master_deck":["AscendersBane","Strike_R","Strike_R","Strike_R","Strike_R","Strike_R","Defend_R+1","Defend_R+1","Defend_R","Defend_R","Bash","CurseOfTheBell","Anger+1","Bash"],"relics":["Calling Bell","Blood Vial","Mummified Hand","Unceasing Top"],"potions_floor_usage":[7],"damage_taken":[{"damage":7,"enemies":"2 Louse","floor":1,"turns":4},{"damage":11,"enemies":"Cultist","floor":2,"turns":4},{"damage":52,"enemies":"3 Sentries","floor":7,"turns":8}],"seed_played":"-8100249815113490247","potions_obtained":[{"floor":2,"key":"Explosive Potion"}],"is_trial":false,"path_per_floor":["M","M","?","?","?","R","E"],"character_chosen":"IRONCLAD","items_purchased":[],"campfire_rested":0,"item_purchase_floors":[],"current_hp_per_floor":[63,54,72,49,49,49,0],"gold":95,"neow_bonus":"BOSS_RELIC","is_prod":false,"is_daily":false,"chose_seed":false,"campfire_upgraded":1,"win_rate":0,"timestamp":1641943504,"path_taken":["M","M","?","?","?","R","E"],"build_version":"2020-12-22","purchased_purges":0,"victory":false,"max_hp_per_floor":[75,75,75,75,75,75,75],"relic_stats":{"Blood Vial":6,"counters":[3,16],"Mummified Hand":[0],"obtain_stats":[{"Calling Bell":0,"Blood Vial":0,"Mummified Hand":0,"Burning Blood":0,"Unceasing Top":0},{"Calling Bell":0,"Blood Vial":0,"Mummified Hand":0,"Burning Blood":0,"Unceasing Top":0},{"Calling Bell":0,"Blood Vial":0,"Mummified Hand":0,"Burning Blood":0,"Unceasing Top":0}],"Unceasing Top":[0]},"card_choices":[{"not_picked":["Clothesline","Intimidate"],"picked":"Anger","floor":1},{"not_picked":["Wild Strike","Heavy Blade","Rampage"],"picked":"SKIP","floor":2}],"player_experience":5911613,"relics_obtained":[{"floor":0,"key":"Blood Vial"},{"floor":0,"key":"Mummified Hand"},{"floor":0,"key":"Unceasing Top"}],"event_choices":[{"damage_healed":18,"gold_gain":0,"player_choice":"Healed","damage_taken":0,"max_hp_gain":0,"max_hp_loss":0,"event_name":"The Cleric","floor":3,"gold_loss":35},{"damage_healed":0,"gold_gain":0,"player_choice":"Entered Light","damage_taken":23,"max_hp_gain":0,"max_hp_loss":0,"event_name":"Shining Light","floor":4,"gold_loss":0,"cards_upgraded":["Defend_R","Defend_R"]},{"damage_healed":0,"gold_gain":0,"player_choice":"1 cards matched","damage_taken":0,"max_hp_gain":0,"max_hp_loss":0,"event_name":"Match and Keep!","floor":5,"gold_loss":0,"cards_obtained":["Bash"]}],"is_beta":false,"boss_relics":[],"items_purged_floors":[],"is_endless":false,"potions_floor_spawned":[2],"killed_by":"3 Sentries","ascension_level":20}