{"gold_per_floor":[112,129,147,105,119,151,151,186,186,205,205,215,249,264,264,339,339,351,401,94,94,107,107,107],"floor_reached":24,"playtime":1580,"items_purged":["Strike_R"],"score":440,"play_id":"90c31d4c-0648-4e2d-80cc-2a74ade22fab","local_time":"20220111182013","is_ascension_mode":true,"campfire_choices":[{"floor":7,"key":"REST"},{"data":"Dark Embrace","floor":11,"key":"SMITH"},{"data":"Bash","floor":15,"key":"SMITH"},{"data":"Corruption","floor":23,"key":"SMITH"}],"neow_cost":"TEN_PERCENT_HP_LOSS","seed_source_timestamp":283173018278900,"circlet_count":0,"master_deck":["AscendersBane","Strike_R","Strike_R","Strike_R","Strike_R","Defend_R","Defend_R","Defend_R","Defend_R","Bash+1","Clothesline","Cleave","Corruption+1","Dark Embrace+1","Reckless Charge","Infernal Blade","Fiend Fire","Seeing Red","Bludgeon","Dark Embrace","Panacea","Flex+1"],"relics":["Burning Blood","Bird Faced Urn","MealTicket","Kunai","Paper Frog","Bottled Flame","SlaversCollar"],"potions_floor_usage":[8,8,16,22,24],"damage_taken":[{"damage":7,"enemies":"Cultist","floor":1,"turns":4},{"damage":7,"enemies":"2 Louse","floor":2,"turns":4},{"damage":8,"enemies":"Small Slimes","floor":3,"turns":3},{"damage":38,"enemies":"Exordium Thugs","floor":4,"turns":5},{"damage":14,"enemies":"Looter","floor":5,"turns":5},{"damage":15,"enemies":"Lagavulin","floor":6,"turns":7},{"damage":8,"enemies":"Gremlin Nob","floor":8,"turns":3},{"damage":16,"enemies":"Lots of Slimes","floor":10,"turns":6},{"damage":8,"enemies":"Red Slaver","floor":12,"turns":3},{"damage":13,"enemies":"Lagavulin","floor":13,"turns":6},{"damage":2,"enemies":"Exordium Wildlife","floor":14,"turns":3},{"damage":38,"enemies":"Hexaghost","floor":16,"turns":7},{"damage":36,"enemies":"Spheric Guardian","floor":18,"turns":6},{"damage":26,"enemies":"3 Byrds","floor":22,"turns":7},{"damage":42,"enemies":"Shelled Parasite and Fungi","floor":24,"turns":3}],"seed_played":"-8390629098933425381","potions_obtained":[{"floor":5,"key":"FearPotion"},{"floor":6,"key":"DuplicationPotion"},{"floor":12,"key":"Energy Potion"},{"floor":16,"key":"BlessingOfTheForge"},{"floor":18,"key":"Energy Potion"}],"is_trial":false,"path_per_floor":["M","M","M","M","M","E","R","E","T","M","R","M","E","M","R","B",null,"M","?","$","?","M","R","M"],"character_chosen":"IRONCLAD","items_purchased":["Dark Embrace","Panacea","Flex"],"campfire_rested":1,"item_purchase_floors":[20,20,20],"current_hp_per_floor":[67,66,64,34,30,23,43,43,43,37,37,35,32,40,40,10,54,28,28,43,43,29,29,0],"gold":107,"neow_bonus":"ONE_RARE_RELIC","is_prod":false,"is_daily":false,"chose_seed":false,"campfire_upgraded":3,"win_rate":0,"timestamp":1641943213,"path_taken":["M","M","M","?","M","E","R","E","T","M","R","M","E","M","R","BOSS","M","?","$","?","M","R","M"],"build_version":"2020-12-22","purchased_purges":1,"victory":false,"max_hp_per_floor":[68,68,68,68,68,68,68,68,68,68,68,68,68,68,68,68,68,68,68,68,68,68,68,68],"relic_stats":{"Bottled Flame":"Clothesline","counters":[15,72],"Bird Faced Urn":[38],"MealTicket":15,"Kunai":[13],"obtain_stats":[{"SlaversCollar":17,"Bottled Flame":13,"Bird Faced Urn":0,"MealTicket":6,"Kunai":8,"Burning Blood":0,"Paper Frog":9},{"SlaversCollar":12,"Bottled Flame":10,"Bird Faced Urn":0,"MealTicket":6,"Kunai":7,"Burning Blood":0,"Paper Frog":7},{"SlaversCollar":56,"Bottled Flame":46,"Bird Faced Urn":0,"MealTicket":28,"Kunai":31,"Burning Blood":0,"Paper Frog":31}],"Burning Blood":84},"card_choices":[{"not_picked":["True Grit","Warcry"],"picked":"Clothesline","floor":1},{"not_picked":["Dropkick","Clash"],"picked":"Cleave","floor":2},{"not_picked":["Heavy Blade","Evolve"],"picked":"Corruption","floor":3},{"not_picked":["Infernal Blade","Disarm"],"picked":"Dark Embrace","floor":4},{"not_picked":["Clothesline","Headbutt"],"picked":"Reckless Charge","floor":5},{"not_picked":["Clothesline","Bloodletting"],"picked":"Infernal Blade","floor":6},{"not_picked":["Warcry","Flex"],"picked":"Fiend Fire","floor":8},{"not_picked":["Fire Breathing","Pommel Strike"],"picked":"Seeing Red","floor":10},{"not_picked":["Clash","Sever Soul","Clothesline"],"picked":"SKIP","floor":12},{"not_picked":["Carnage","Perfected Strike"],"picked":"Bludgeon","floor":13},{"not_picked":["Heavy Blade","Body Slam","Flex"],"picked":"SKIP","floor":14},{"not_picked":["Heavy Blade","Body Slam","Flex"],"picked":"SKIP","floor":14},{"not_picked":["Anger","Dropkick","Thunderclap"],"picked":"SKIP","floor":18},{"not_picked":["Cleave","Twin Strike","Anger"],"picked":"SKIP","floor":22}],"player_experience":5910033,"relics_obtained":[{"floor":6,"key":"MealTicket"},{"floor":8,"key":"Kunai"},{"floor":9,"key":"Paper Frog"},{"floor":13,"key":"Bottled Flame"}],"event_choices":[{"damage_healed":0,"gold_gain":50,"player_choice":"Stole From Cult","damage_taken":0,"max_hp_gain":0,"max_hp_loss":0,"event_name":"Nest","floor":19,"gold_loss":0},{"damage_healed":0,"gold_gain":0,"player_choice":"Upgraded","damage_taken":0,"max_hp_gain":0,"max_hp_loss":0,"event_name":"Upgrade Shrine","floor":21,"gold_loss":0,"cards_upgraded":["Flex"]}],"is_beta":false,"boss_relics":[{"not_picked":["Black Blood","Mark of Pain"],"picked":"SlaversCollar"}],"items_purged_floors":[20],"is_endless":false,"potions_floor_spawned":[5,6,12,16,18],"killed_by":"Shelled Parasite and Fungi","ascension_level":20}