{"gold_per_floor":[113,113,128,128,128,128,164,164,232,250,285,285,210,14,14,105,105,119,69,88,101,121,121,164,164,164,39,59,78,78,98,98,191,191,206,1,1,1,24,24,68,68],"floor_reached":42,"playtime":1894,"items_purged":["Strike_R","Defend_R","Strike_R","Bash"],"score":1058,"play_id":"50d09535-c1d6-4345-a387-ba55b2c445ec","local_time":"20220111185652","is_ascension_mode":true,"campfire_choices":[{"data":"Searing Blow","floor":6,"key":"SMITH"},{"data":"Searing Blow+1","floor":8,"key":"SMITH"},{"data":"Searing Blow+2","floor":12,"key":"SMITH"},{"data":"Searing Blow+3","floor":15,"key":"SMITH"},{"data":"Searing Blow+4","floor":23,"key":"SMITH"},{"data":"Searing Blow+5","floor":25,"key":"SMITH"},{"data":"Searing Blow+6","floor":30,"key":"SMITH"},{"data":"Searing Blow+7","floor":32,"key":"SMITH"},{"data":"Searing Blow+8","floor":40,"key":"SMITH"}],"neow_cost":"NONE","seed_source_timestamp":285057910992400,"circlet_count":0,"master_deck":["AscendersBane","Strike_R","Strike_R","Defend_R+1","Defend_R","Defend_R+1","Searing Blow+9","Combust","Battle Trance","Burning Pact","Double Tap","Battle Trance","Brutality","Armaments","Thunderclap+1","Feel No Pain","Offering","Shrug It Off"],"relics":["Black Blood","NeowsBlessing","Golden Idol","Shuriken","Red Skull","Pantograph","War Paint","Gremlin Horn","Nunchaku","Runic Dome","White Beast Statue"],"potions_floor_usage":[11,11,22,24,31,35],"damage_taken":[{"damage":0,"enemies":"Jaw Worm","floor":1,"turns":1},{"damage":0,"enemies":"Small Slimes","floor":3,"turns":1},{"damage":0,"enemies":"3 Sentries","floor":7,"turns":2},{"damage":2,"enemies":"2 Louse","floor":10,"turns":2},{"damage":20,"enemies":"Lagavulin","floor":11,"turns":5},{"damage":42,"enemies":"Slime Boss","floor":16,"turns":8},{"damage":4,"enemies":"Spheric Guardian","floor":18,"turns":3},{"damage":14,"enemies":"2 Thieves","floor":20,"turns":4},{"damage":12,"enemies":"Chosen and Byrds","floor":21,"turns":6},{"damage":21,"enemies":"Snecko","floor":22,"turns":6},{"damage":25,"enemies":"Gremlin Leader","floor":24,"turns":3},{"damage":8,"enemies":"3 Cultists","floor":28,"turns":4},{"damage":13,"enemies":"Centurion and Healer","floor":29,"turns":3},{"damage":14,"enemies":"Snake Plant","floor":31,"turns":2},{"damage":49,"enemies":"Collector","floor":33,"turns":4},{"damage":51,"enemies":"3 Darklings","floor":35,"turns":5},{"damage":9,"enemies":"3 Shapes","floor":39,"turns":5},{"damage":11,"enemies":"Giant Head","floor":41,"turns":4},{"damage":41,"enemies":"Jaw Worm Horde","floor":42,"turns":2}],"seed_played":"8644950703127291862","potions_obtained":[{"floor":7,"key":"CultistPotion"},{"floor":10,"key":"Weak Potion"},{"floor":20,"key":"Dexterity Potion"},{"floor":21,"key":"SkillPotion"},{"floor":28,"key":"GamblersBrew"},{"floor":29,"key":"ColorlessPotion"},{"floor":33,"key":"Strength Potion"},{"floor":38,"key":"Explosive Potion"},{"floor":41,"key":"Energy Potion"}],"is_trial":false,"path_per_floor":["M","?","M","?","?","R","E","R","T","M","E","R","$","$","R","B",null,"M","?","M","M","M","R","E","R","T","$","M","M","R","M","R","B",null,"M","$","?","?","M","R","E","M"],"character_chosen":"IRONCLAD","items_purchased":["Burning Pact","Block Potion","Shrug It Off"],"campfire_rested":0,"item_purchase_floors":[14,14,36],"current_hp_per_floor":[74,48,54,47,29,29,35,35,35,39,25,25,25,25,25,14,60,68,68,66,66,57,57,44,44,44,44,48,47,47,45,45,33,65,26,26,26,26,29,29,30,0],"gold":68,"neow_bonus":"THREE_ENEMY_KILL","is_prod":false,"is_daily":false,"chose_seed":false,"campfire_upgraded":9,"win_rate":0,"timestamp":1641945412,"path_taken":["M","?","M","?","?","R","E","R","T","M","E","R","?","$","R","BOSS","M","?","M","M","?","R","E","R","T","$","M","M","R","M","R","BOSS","M","$","?","?","M","R","E","M"],"build_version":"2020-12-22","purchased_purges":4,"victory":false,"max_hp_per_floor":[75,75,75,75,75,75,75,75,75,75,75,75,75,75,75,75,75,75,75,75,75,75,75,75,75,75,75,75,75,75,75,75,75,75,75,75,71,71,71,71,71,71],"relic_stats":{"Nunchaku":[4],"Gremlin Horn":[4,10],"counters":[19,70],"Golden Idol":110,"Shuriken":[7],"Pantograph":50,"Black Blood":180,"War Paint":["Defend_R","Defend_R"],"obtain_stats":[{"Runic Dome":34,"Nunchaku":26,"NeowsBlessing":0,"Gremlin Horn":24,"Golden Idol":2,"Shuriken":5,"Pantograph":9,"Black Blood":17,"War Paint":11,"Burning Blood":0,"Red Skull":7,"White Beast Statue":41},{"Runic Dome":15,"Nunchaku":11,"NeowsBlessing":0,"Gremlin Horn":11,"Golden Idol":1,"Shuriken":2,"Pantograph":3,"Black Blood":6,"War Paint":5,"Burning Blood":0,"Red Skull":3,"White Beast Statue":18},{"Runic Dome":54,"Nunchaku":41,"NeowsBlessing":0,"Gremlin Horn":41,"Golden Idol":1,"Shuriken":2,"Pantograph":4,"Black Blood":19,"War Paint":11,"Burning Blood":0,"Red Skull":4,"White Beast Statue":68}],"White Beast Statue":[0.0,0.0,0.0,0.0,0.0,1.0,0.0,0.0,0.0,0.0,0.0,0.0]},"card_choices":[{"not_picked":["Clothesline","Metallicize"],"picked":"Searing Blow","floor":1},{"not_picked":["Body Slam","Seeing Red"],"picked":"Combust","floor":3},{"not_picked":["Blood for Blood","Havoc","Demon Form"],"picked":"SKIP","floor":7},{"not_picked":["Reckless Charge","Perfected Strike","Body Slam"],"picked":"SKIP","floor":10},{"not_picked":["Thunderclap","Reckless Charge"],"picked":"Battle Trance","floor":11},{"not_picked":["Corruption","Barricade"],"picked":"Double Tap","floor":16},{"not_picked":["Cleave","Thunderclap"],"picked":"Battle Trance","floor":18},{"not_picked":["Thunderclap","Flex"],"picked":"Brutality","floor":20},{"not_picked":["Shockwave","Carnage"],"picked":"Armaments","floor":21},{"not_picked":["True Grit","Dark Embrace"],"picked":"Thunderclap+1","floor":22},{"not_picked":["Armaments","Infernal Blade","Warcry"],"picked":"SKIP","floor":24},{"not_picked":["Dropkick","Shockwave","Burning Pact"],"picked":"SKIP","floor":28},{"not_picked":["Blood for Blood","Clash"],"picked":"Feel No Pain","floor":29},{"not_picked":["Cleave","Rupture","True Grit"],"picked":"SKIP","floor":31},{"not_picked":["Reaper","Corruption"],"picked":"Offering","floor":33},{"not_picked":["Flex","Sword Boomerang","Feed"],"picked":"SKIP","floor":41}],"player_experience":5911859,"relics_obtained":[{"floor":7,"key":"Red Skull"},{"floor":9,"key":"Pantograph"},{"floor":11,"key":"War Paint"},{"floor":24,"key":"Gremlin Horn"},{"floor":26,"key":"Nunchaku"},{"floor":41,"key":"White Beast Statue"}],"event_choices":[{"damage_healed":0,"gold_gain":0,"player_choice":"Take Damage","damage_taken":26,"relics_obtained":["Golden Idol"],"max_hp_gain":0,"max_hp_loss":0,"event_name":"Golden Idol","floor":2,"gold_loss":0},{"cards_removed":["Strike_R"],"damage_healed":0,"gold_gain":0,"player_choice":"Card Removal","damage_taken":7,"max_hp_gain":0,"max_hp_loss":0,"event_name":"Golden Wing","floor":4,"gold_loss":0},{"damage_healed":0,"gold_gain":0,"player_choice":"Success","damage_taken":18,"relics_obtained":["Shuriken"],"max_hp_gain":0,"max_hp_loss":0,"event_name":"Scrap Ooze","floor":5,"gold_loss":0},{"damage_healed":0,"gold_gain":0,"player_choice":"Bet on Murderer","damage_taken":0,"max_hp_gain":0,"max_hp_loss":0,"event_name":"The Joust","floor":19,"gold_loss":50},{"damage_healed":0,"gold_gain":0,"player_choice":"Max HP","damage_taken":0,"max_hp_gain":0,"max_hp_loss":4,"event_name":"Winding Halls","floor":37,"gold_loss":0},{"damage_healed":0,"gold_gain":0,"player_choice":"Got Potions","damage_taken":0,"max_hp_gain":0,"max_hp_loss":0,"event_name":"Lab","floor":38,"gold_loss":0}],"is_beta":false,"boss_relics":[{"not_picked":["Calling Bell","Ectoplasm"],"picked":"Black Blood"},{"not_picked":["Philosopher\u0027s Stone","SlaversCollar"],"picked":"Runic Dome"}],"items_purged_floors":[13,14,27,36],"is_endless":false,"potions_floor_spawned":[7,10,20,21,28,29,33,41],"killed_by":"Jaw Worm Horde","ascension_level":20}