{"gold_per_floor":[134,166,220,272,272,318,318,427,427,427,463,463,494,494,494,573,573,617,128,165,228,4,4,60,60,138,288,238,238,138,178,178,280,280,323,37,37,138,138,138,198,198,198,250,250,307,327,419,419,419,469,469,469,33,118,143],"floor_reached":57,"playtime":5937,"items_purged":["Strike_R","Strike_R","Strike_R"],"score":2923,"play_id":"871692ed-1dc1-4566-b06d-515d565fc843","local_time":"20220108154023","is_ascension_mode":true,"campfire_choices":[{"data":"HandOfGreed","floor":7,"key":"SMITH"},{"data":"Bludgeon","floor":10,"key":"SMITH"},{"data":"Pommel Strike","floor":12,"key":"SMITH"},{"data":"Bloodletting","floor":15,"key":"SMITH"},{"floor":23,"key":"REST"},{"data":"Corruption","floor":29,"key":"SMITH"},{"data":"Apotheosis","floor":32,"key":"SMITH"},{"floor":40,"key":"RECALL"},{"data":"Offering","floor":42,"key":"SMITH"},{"data":"Barricade","floor":49,"key":"SMITH"},{"floor":53,"key":"REST"}],"neow_cost":"TEN_PERCENT_HP_LOSS","seed_source_timestamp":10005626105100,"circlet_count":0,"master_deck":["AscendersBane","Strike_R","Defend_R","Defend_R","Defend_R","Defend_R","Bash","HandOfGreed+1","Twin Strike","Shrug It Off","Bloodletting+1","Pommel Strike+1","Shrug It Off","Bludgeon+1","Battle Trance","Pommel Strike","Corruption+1","Power Through","Uppercut+1","Barricade+1","Apotheosis+1","Double Tap","Shrug It Off+1","Dark Embrace","Shockwave","Flame Barrier","Offering+1","True Grit","Sentinel+1","Rage+1","Fiend Fire","Burning Pact","Rupture","Disarm","Shrug It Off"],"relics":["Burning Blood","NlothsMask","Juzu Bracelet","Omamori","Kunai","Philosopher\u0027s Stone","Orrery","Dream Catcher","Ornamental Fan","Mango","Paper Frog","Runic Pyramid","ClockworkSouvenir","Thread and Needle","Happy Flower","InkBottle","Blue Candle","Centennial Puzzle","Mummified Hand","Bag of Marbles"],"potions_floor_usage":[6,8,13,16,21,22,24,27,56,56],"damage_taken":[{"damage":4,"enemies":"Jaw Worm","floor":1,"turns":3},{"damage":1,"enemies":"Cultist","floor":2,"turns":3},{"damage":2,"enemies":"2 Louse","floor":3,"turns":4},{"damage":17,"enemies":"Exordium Wildlife","floor":4,"turns":5},{"damage":28,"enemies":"Gremlin Nob","floor":6,"turns":4},{"damage":25,"enemies":"3 Sentries","floor":8,"turns":7},{"damage":7,"enemies":"Exordium Thugs","floor":11,"turns":5},{"damage":15,"enemies":"Lagavulin","floor":13,"turns":7},{"damage":17,"enemies":"Hexaghost","floor":16,"turns":6},{"damage":25,"enemies":"Shell Parasite","floor":18,"turns":3},{"damage":7,"enemies":"Chosen","floor":20,"turns":6},{"damage":32,"enemies":"3 Cultists","floor":21,"turns":7},{"damage":31,"enemies":"Gremlin Leader","floor":24,"turns":8},{"damage":17,"enemies":"Colosseum Slavers","floor":27,"turns":4},{"damage":5,"enemies":"Colosseum Nobs","floor":27,"turns":7},{"damage":8,"enemies":"Snecko","floor":31,"turns":5},{"damage":11,"enemies":"Automaton","floor":33,"turns":9},{"damage":6,"enemies":"3 Darklings","floor":35,"turns":4},{"damage":14,"enemies":"2 Orb Walkers","floor":38,"turns":5},{"damage":3,"enemies":"Giant Head","floor":41,"turns":8},{"damage":9,"enemies":"Reptomancer","floor":44,"turns":5},{"damage":10,"enemies":"Giant Head","floor":46,"turns":6},{"damage":0,"enemies":"Orb Walker","floor":47,"turns":3},{"damage":10,"enemies":"Sphere and 2 Shapes","floor":48,"turns":5},{"damage":42,"enemies":"Time Eater","floor":50,"turns":19},{"damage":15,"enemies":"Donu and Deca","floor":51,"turns":9},{"damage":10,"enemies":"Shield and Spear","floor":55,"turns":2},{"damage":50,"enemies":"The Heart","floor":56,"turns":11}],"seed_played":"6698510168618614842","potions_obtained":[{"floor":2,"key":"DuplicationPotion"},{"floor":4,"key":"BloodPotion"},{"floor":6,"key":"DistilledChaos"},{"floor":13,"key":"Regen Potion"},{"floor":20,"key":"Strength Potion"},{"floor":24,"key":"LiquidBronze"},{"floor":27,"key":"Block Potion"},{"floor":33,"key":"SpeedPotion"},{"floor":38,"key":"ElixirPotion"},{"floor":48,"key":"Ancient Potion"}],"is_trial":false,"path_per_floor":["M","M","M","M","?","E","R","E","T","R","M","R","E","?","R","B",null,"M","$","M","M","$","R","E","?","T","?","?","R","$","M","R","B",null,"M","$","?","?","?","R","E","R","T","E","?","E","M","M","R","B","B",null,"R","$","E","B",null],"character_chosen":"IRONCLAD","items_purchased":["Orrery","Apotheosis","Block Potion","Dark Embrace","Shockwave","BloodPotion","BlessingOfTheForge","ClockworkSouvenir","Mummified Hand","Rupture","Disarm"],"campfire_rested":2,"item_purchase_floors":[19,19,19,22,22,22,22,36,54,54,54],"current_hp_per_floor":[68,68,68,57,57,35,35,16,16,16,15,15,19,19,19,22,57,38,38,37,11,24,44,19,19,19,23,23,23,23,21,21,16,66,66,66,82,74,74,74,77,77,77,74,74,70,76,72,72,36,27,68,82,82,78,34],"gold":143,"neow_bonus":"RANDOM_COLORLESS_2","is_prod":false,"is_daily":false,"chose_seed":false,"campfire_upgraded":8,"win_rate":0,"timestamp":1641674423,"path_taken":["M","M","M","M","?","E","R","E","T","R","M","R","E","?","R","BOSS","M","?","M","M","$","R","E","?","T","?","?","R","$","M","R","BOSS","M","$","?","?","?","R","E","R","T","E","?","E","M","M","R","BOSS","BOSS","R","$","E","BOSS"],"build_version":"2020-12-22","purchased_purges":3,"victory":true,"max_hp_per_floor":[68,68,68,68,68,68,68,68,68,68,68,68,68,68,68,68,68,68,68,68,68,68,68,68,68,68,82,82,82,82,82,82,82,82,82,82,82,82,82,82,82,82,82,82,82,82,82,82,82,82,82,82,82,82,82,82],"relic_stats":{"Happy Flower":[20],"counters":[28,170],"Blue Candle":[3],"Juzu Bracelet":2,"Omamori":2,"Burning Blood":157,"Dream Catcher":1,"Centennial Puzzle":[15],"Ornamental Fan":[160],"Mummified Hand":[12],"Kunai":[46],"obtain_stats":[{"Happy Flower":41,"Blue Candle":44,"Mango":27,"Thread and Needle":38,"Juzu Bracelet":6,"Omamori":8,"Burning Blood":0,"ClockworkSouvenir":36,"Dream Catcher":24,"Centennial Puzzle":46,"Ornamental Fan":25,"Mummified Hand":54,"Orrery":19,"Philosopher\u0027s Stone":17,"Bag of Marbles":55,"Kunai":13,"InkBottle":43,"NlothsMask":5,"Paper Frog":27,"Runic Pyramid":34},{"Happy Flower":20,"Blue Candle":21,"Mango":15,"Thread and Needle":19,"Juzu Bracelet":5,"Omamori":6,"Burning Blood":0,"ClockworkSouvenir":18,"Dream Catcher":13,"Centennial Puzzle":22,"Ornamental Fan":13,"Mummified Hand":26,"Orrery":10,"Philosopher\u0027s Stone":9,"Bag of Marbles":27,"Kunai":8,"InkBottle":20,"NlothsMask":4,"Paper Frog":15,"Runic Pyramid":17},{"Happy Flower":110,"Blue Candle":115,"Mango":79,"Thread and Needle":102,"Juzu Bracelet":19,"Omamori":26,"Burning Blood":0,"ClockworkSouvenir":97,"Dream Catcher":68,"Centennial Puzzle":121,"Ornamental Fan":68,"Mummified Hand":157,"Orrery":47,"Philosopher\u0027s Stone":44,"Bag of Marbles":159,"Kunai":38,"InkBottle":110,"NlothsMask":15,"Paper Frog":79,"Runic Pyramid":93}],"InkBottle":[31]},"card_choices":[{"not_picked":["Magnetism","Mayhem"],"picked":"HandOfGreed","floor":0},{"not_picked":["Sword Boomerang","Flex"],"picked":"Twin Strike","floor":1},{"not_picked":["Limit Break","Iron Wave"],"picked":"Shrug It Off","floor":2},{"not_picked":["Metallicize","Clothesline"],"picked":"Bloodletting","floor":3},{"not_picked":["Shrug It Off","Dual Wield"],"picked":"Pommel Strike","floor":4},{"not_picked":["Hemokinesis","Dark Embrace"],"picked":"Shrug It Off","floor":6},{"not_picked":["Perfected Strike","Pummel"],"picked":"Bludgeon","floor":8},{"not_picked":["Thunderclap","Body Slam"],"picked":"Battle Trance","floor":11},{"not_picked":["Carnage","Limit Break"],"picked":"Pommel Strike","floor":13},{"not_picked":["Feed","Juggernaut"],"picked":"Corruption","floor":16},{"not_picked":["Searing Blow","Warcry","Armaments"],"picked":"SKIP","floor":18},{"not_picked":["Sword Boomerang","Headbutt"],"picked":"Power Through","floor":19},{"not_picked":["Wild Strike","Combust"],"picked":"Uppercut+1","floor":19},{"not_picked":["Heavy Blade","True Grit"],"picked":"Barricade","floor":19},{"not_picked":["Pommel Strike","Metallicize"],"picked":"Double Tap","floor":20},{"not_picked":["Pummel","Shockwave"],"picked":"Shrug It Off+1","floor":21},{"not_picked":["Heavy Blade","Iron Wave"],"picked":"Flame Barrier","floor":24},{"not_picked":["Inflame","Cleave","Warcry"],"picked":"SKIP","floor":31},{"not_picked":["Inflame","Cleave","Warcry"],"picked":"SKIP","floor":31},{"not_picked":["Bludgeon","Demon Form"],"picked":"Offering","floor":33},{"not_picked":["Clash","Havoc","Heavy Blade"],"picked":"SKIP","floor":35},{"not_picked":["Pummel","Shrug It Off+1"],"picked":"True Grit","floor":38},{"not_picked":["Sword Boomerang","Infernal Blade","Fire Breathing"],"picked":"SKIP","floor":41},{"not_picked":["Sword Boomerang","Infernal Blade","Fire Breathing"],"picked":"SKIP","floor":41},{"not_picked":["Perfected Strike+1","Thunderclap"],"picked":"Sentinel+1","floor":44},{"not_picked":["Sword Boomerang","Dual Wield+1"],"picked":"Rage+1","floor":46},{"not_picked":["Havoc","Sever Soul","Thunderclap"],"picked":"SKIP","floor":47},{"not_picked":["Warcry","Sword Boomerang"],"picked":"Fiend Fire","floor":48},{"not_picked":["Anger","Dual Wield"],"picked":"Burning Pact","floor":53},{"not_picked":["Havoc+1","Pommel Strike"],"picked":"Shrug It Off","floor":55}],"player_experience":5885546,"relics_obtained":[{"floor":6,"key":"Juzu Bracelet"},{"floor":8,"key":"Omamori"},{"floor":13,"key":"Kunai"},{"floor":24,"key":"Dream Catcher"},{"floor":27,"key":"Mango"},{"floor":27,"key":"Paper Frog"},{"floor":38,"key":"Thread and Needle"},{"floor":41,"key":"Happy Flower"},{"floor":43,"key":"InkBottle"},{"floor":44,"key":"Blue Candle"},{"floor":46,"key":"Centennial Puzzle"},{"floor":55,"key":"Bag of Marbles"}],"event_choices":[{"damage_healed":0,"gold_gain":0,"player_choice":"Trade","damage_taken":0,"relics_obtained":["NlothsMask"],"max_hp_gain":0,"max_hp_loss":0,"event_name":"FaceTrader","floor":5,"gold_loss":0},{"damage_healed":0,"gold_gain":0,"cards_transformed":["Strike_R"],"player_choice":"Transformed","damage_taken":0,"max_hp_gain":0,"max_hp_loss":0,"event_name":"Transmorgrifier","floor":14,"gold_loss":0,"cards_obtained":["Immolate"]},{"damage_healed":0,"gold_gain":0,"player_choice":"Opened","damage_taken":0,"relics_obtained":["Ornamental Fan"],"max_hp_gain":0,"max_hp_loss":0,"event_name":"The Mausoleum","floor":25,"gold_loss":0,"cards_obtained":["Writhe"]},{"damage_healed":0,"gold_gain":0,"player_choice":"Fight","damage_taken":0,"max_hp_gain":0,"max_hp_loss":0,"event_name":"Colosseum","floor":27,"gold_loss":0},{"damage_healed":0,"gold_gain":0,"player_choice":"Fought Nobs","damage_taken":0,"max_hp_gain":0,"max_hp_loss":0,"event_name":"Colosseum","floor":27,"gold_loss":0},{"damage_healed":0,"gold_gain":0,"player_choice":"Bet on Murderer","damage_taken":0,"max_hp_gain":0,"max_hp_loss":0,"event_name":"The Joust","floor":28,"gold_loss":50},{"damage_healed":16,"gold_gain":0,"player_choice":"Writhe","damage_taken":0,"max_hp_gain":0,"max_hp_loss":0,"event_name":"Winding Halls","floor":37,"gold_loss":0,"cards_obtained":["Writhe"]},{"damage_healed":0,"gold_gain":0,"player_choice":"Fight","damage_taken":0,"max_hp_gain":0,"max_hp_loss":0,"event_name":"Mysterious Sphere","floor":38,"gold_loss":0},{"cards_removed":["Immolate"],"damage_healed":0,"gold_gain":0,"player_choice":"Removed Attack","damage_taken":0,"max_hp_gain":0,"max_hp_loss":0,"event_name":"Falling","floor":39,"gold_loss":0},{"damage_healed":0,"gold_gain":0,"player_choice":"Ignored","damage_taken":0,"max_hp_gain":0,"max_hp_loss":0,"event_name":"SecretPortal","floor":45,"gold_loss":0}],"is_beta":false,"boss_relics":[{"not_picked":["Astrolabe","SlaversCollar"],"picked":"Philosopher\u0027s Stone"},{"not_picked":["SacredBark","Calling Bell"],"picked":"Runic Pyramid"}],"items_purged_floors":[19,30,36],"is_endless":false,"potions_floor_spawned":[2,4,6,13,20,24,27,33,38,41,48,55],"ascension_level":20}