{"gold_per_floor":[114,114,132,132,132,162,162,187,234,246,300,300,316,35,35,110,110,124,137,156,426,444,476,476,502,502,502,27,27,40,90,90,167,167,180,191,207,227,242,270,299,338,350,7,32,32,32,65,65,65,65,65,65,15,48,48],"floor_reached":57,"playtime":5135,"items_purged":["Strike_R","Strike_R","Blood for Blood+1"],"score":3590,"play_id":"932ad893-58b6-46d9-8c77-3b05cb71b3cd","local_time":"20220101194009","is_ascension_mode":true,"campfire_choices":[{"data":"Carnage","floor":7,"key":"SMITH"},{"data":"Apotheosis","floor":15,"key":"SMITH"},{"data":"Offering","floor":24,"key":"SMITH"},{"floor":27,"key":"REST"},{"data":"Barricade","floor":29,"key":"SMITH"},{"floor":32,"key":"RECALL"},{"data":"Corruption","floor":46,"key":"SMITH"},{"data":"Disarm","floor":49,"key":"SMITH"},{"data":"Disarm","floor":53,"key":"SMITH"}],"neow_cost":"NONE","seed_source_timestamp":884544509303500,"circlet_count":0,"master_deck":["AscendersBane","Defend_R","Defend_R+1","Defend_R","Defend_R","Carnage+1","Disarm+1","Double Tap","Iron Wave+1","Apotheosis+1","Finesse","Offering+1","Flame Barrier","Shrug It Off","Disarm+1","Shockwave+1","Burning Pact","Pommel Strike","Iron Wave","Corruption+1","Barricade+1","Shrug It Off","Impervious","Barricade+1","Battle Trance+1","Shrug It Off","Shrug It Off","Body Slam","Shrug It Off","Flame Barrier","Dark Embrace+1","Feel No Pain"],"relics":["Burning Blood","NeowsBlessing","Dream Catcher","Kunai","Bag of Marbles","Strawberry","The Courier","Philosopher\u0027s Stone","Anchor","White Beast Statue","Smiling Mask","Lee\u0027s Waffle","Astrolabe","MawBank","Paper Frog","Mummified Hand","TheAbacus","Whetstone","Pantograph","Lantern"],"potions_floor_usage":[19,21,22,23,25,37,39,45,45,56,56,56],"damage_taken":[{"damage":0,"enemies":"2 Louse","floor":1,"turns":1},{"damage":0,"enemies":"Small Slimes","floor":3,"turns":1},{"damage":0,"enemies":"3 Sentries","floor":6,"turns":2},{"damage":28,"enemies":"Lagavulin","floor":8,"turns":6},{"damage":0,"enemies":"Cultist","floor":10,"turns":2},{"damage":14,"enemies":"Blue Slaver","floor":13,"turns":3},{"damage":2,"enemies":"Hexaghost","floor":16,"turns":9},{"damage":0,"enemies":"Chosen","floor":18,"turns":2},{"damage":6,"enemies":"Shell Parasite","floor":19,"turns":1},{"damage":10,"enemies":"Snake Plant","floor":20,"turns":4},{"damage":12,"enemies":"Sentry and Sphere","floor":22,"turns":6},{"damage":0,"enemies":"Book of Stabbing","floor":23,"turns":6},{"damage":58,"enemies":"Gremlin Leader","floor":25,"turns":10},{"damage":0,"enemies":"Centurion and Healer","floor":30,"turns":5},{"damage":6,"enemies":"Champ","floor":33,"turns":16},{"damage":8,"enemies":"3 Shapes","floor":35,"turns":8},{"damage":6,"enemies":"Orb Walker","floor":36,"turns":4},{"damage":14,"enemies":"Transient","floor":37,"turns":6},{"damage":3,"enemies":"4 Shapes","floor":38,"turns":8},{"damage":6,"enemies":"Sphere and 2 Shapes","floor":39,"turns":6},{"damage":6,"enemies":"Giant Head","floor":40,"turns":3},{"damage":6,"enemies":"Spire Growth","floor":41,"turns":5},{"damage":6,"enemies":"Nemesis","floor":42,"turns":3},{"damage":0,"enemies":"Reptomancer","floor":45,"turns":2},{"damage":0,"enemies":"Giant Head","floor":48,"turns":4},{"damage":5,"enemies":"Time Eater","floor":50,"turns":7},{"damage":6,"enemies":"Donu and Deca","floor":51,"turns":2},{"damage":27,"enemies":"Shield and Spear","floor":55,"turns":4},{"damage":6,"enemies":"The Heart","floor":56,"turns":6}],"seed_played":"-5131366054183522427","potions_obtained":[{"floor":3,"key":"Ancient Potion"},{"floor":8,"key":"Ancient Potion"},{"floor":13,"key":"DistilledChaos"},{"floor":16,"key":"Fruit Juice"},{"floor":19,"key":"DistilledChaos"},{"floor":20,"key":"BloodPotion"},{"floor":22,"key":"Dexterity Potion"},{"floor":30,"key":"LiquidMemories"},{"floor":33,"key":"Weak Potion"},{"floor":37,"key":"Explosive Potion"},{"floor":39,"key":"EssenceOfSteel"},{"floor":40,"key":"DuplicationPotion"},{"floor":45,"key":"EntropicBrew"},{"floor":48,"key":"Weak Potion"},{"floor":55,"key":"PowerPotion"}],"is_trial":false,"path_per_floor":["M","?","M","?","?","E","R","E","T","M","T","T","M","$","R","B",null,"M","M","M","?","M","E","R","E","T","R","$","R","M","?","R","B",null,"M","M","M","M","M","E","M","E","T","$","E","R","?","E","R","B","B",null,"R","$","E","B",null],"character_chosen":"IRONCLAD","items_purchased":["Apotheosis","Finesse","Corruption","Barricade","Shrug It Off","Lee\u0027s Waffle","Mummified Hand","TheAbacus"],"campfire_rested":1,"item_purchase_floors":[14,14,28,28,28,28,44,44],"current_hp_per_floor":[74,51,57,46,39,45,45,23,23,29,36,36,28,28,28,32,70,76,81,77,61,55,61,61,9,9,35,94,94,94,94,94,94,94,92,92,84,87,87,87,87,87,87,87,93,93,93,94,94,94,94,94,94,94,73,94],"gold":48,"neow_bonus":"THREE_ENEMY_KILL","is_prod":false,"is_daily":false,"chose_seed":false,"campfire_upgraded":7,"win_rate":0,"timestamp":1641084009,"path_taken":["M","?","M","?","?","E","R","E","T","M","?","?","M","$","R","BOSS","M","M","M","?","M","E","R","E","T","R","$","R","?","?","R","BOSS","M","M","M","M","M","E","M","E","T","$","E","R","?","E","R","BOSS","BOSS","R","$","E","BOSS"],"build_version":"2020-12-22","purchased_purges":3,"victory":true,"max_hp_per_floor":[75,75,75,75,75,75,75,75,75,75,82,82,82,82,82,82,82,82,87,87,87,87,87,87,87,87,87,94,94,94,94,94,94,94,94,94,94,94,94,94,94,94,94,94,94,94,94,94,94,94,94,94,94,94,94,94],"relic_stats":{"Lee\u0027s Waffle":59,"counters":[29,142],"Astrolabe":["Barricade","Blood for Blood","Battle Trance"],"The Courier":310,"Whetstone":["Iron Wave","Headbutt"],"Smiling Mask":80,"MawBank":48,"Burning Blood":162,"White Beast Statue":[0.0,0.0,0.0,0.4,0.0,0.6000000000000001,0.0,0.0,0.0,0.0,0.0,5.773687091200003],"Dream Catcher":1,"TheAbacus":[144],"Mummified Hand":[24],"Pantograph":21,"Kunai":[50],"obtain_stats":[{"Lee\u0027s Waffle":28,"Lantern":55,"NeowsBlessing":0,"Astrolabe":34,"The Courier":12,"Whetstone":45,"Smiling Mask":26,"MawBank":40,"Burning Blood":0,"White Beast Statue":25,"Dream Catcher":6,"Anchor":23,"TheAbacus":44,"Mummified Hand":44,"Strawberry":11,"Pantograph":48,"Philosopher\u0027s Stone":17,"Bag of Marbles":9,"Kunai":8,"Paper Frog":42},{"Lee\u0027s Waffle":13,"Lantern":28,"NeowsBlessing":0,"Astrolabe":15,"The Courier":5,"Whetstone":24,"Smiling Mask":13,"MawBank":21,"Burning Blood":0,"White Beast Statue":13,"Dream Catcher":3,"Anchor":12,"TheAbacus":23,"Mummified Hand":23,"Strawberry":5,"Pantograph":25,"Philosopher\u0027s Stone":7,"Bag of Marbles":4,"Kunai":4,"Paper Frog":23},{"Lee\u0027s Waffle":53,"Lantern":136,"NeowsBlessing":0,"Astrolabe":74,"The Courier":12,"Whetstone":119,"Smiling Mask":53,"MawBank":109,"Burning Blood":0,"White Beast Statue":53,"Dream Catcher":4,"Anchor":43,"TheAbacus":117,"Mummified Hand":117,"Strawberry":12,"Pantograph":123,"Philosopher\u0027s Stone":24,"Bag of Marbles":10,"Kunai":10,"Paper Frog":117}]},"card_choices":[{"not_picked":["Armaments","Flex"],"picked":"Headbutt","floor":1},{"not_picked":["Reckless Charge","Searing Blow"],"picked":"Carnage","floor":3},{"not_picked":["Whirlwind","Wild Strike"],"picked":"Disarm","floor":6},{"not_picked":["Clothesline","Sword Boomerang"],"picked":"Double Tap","floor":8},{"not_picked":["Sword Boomerang","Clothesline","Flex"],"picked":"SKIP","floor":10},{"not_picked":["Twin Strike","Whirlwind"],"picked":"Iron Wave","floor":13},{"not_picked":["Corruption","Exhume"],"picked":"Offering","floor":16},{"not_picked":["Headbutt","Power Through"],"picked":"Flame Barrier","floor":18},{"not_picked":["Perfected Strike","Heavy Blade"],"picked":"Shrug It Off","floor":19},{"not_picked":["Dual Wield","Armaments"],"picked":"Disarm","floor":20},{"not_picked":["Intimidate+1","Rage"],"picked":"Shockwave+1","floor":22},{"not_picked":["Headbutt","Clash"],"picked":"Burning Pact","floor":23},{"not_picked":["Wild Strike","Pummel"],"picked":"Pommel Strike","floor":25},{"not_picked":["Armaments","Clothesline"],"picked":"Iron Wave","floor":27},{"not_picked":["Berserk","Clash+1","Armaments"],"picked":"SKIP","floor":30},{"not_picked":["Barricade","Feed"],"picked":"Impervious","floor":33},{"not_picked":["Twin Strike","Havoc","Power Through"],"picked":"SKIP","floor":35},{"not_picked":["Power Through","Sword Boomerang"],"picked":"Shrug It Off","floor":36},{"not_picked":["Havoc+1","Inflame"],"picked":"Shrug It Off","floor":37},{"not_picked":["Feed","Ghostly Armor","Sword Boomerang"],"picked":"SKIP","floor":38},{"not_picked":["Havoc+1","Sword Boomerang"],"picked":"Body Slam","floor":39},{"not_picked":["Infernal Blade+1","Inflame"],"picked":"Shrug It Off","floor":40},{"not_picked":["Sword Boomerang+1","Clash","Iron Wave"],"picked":"SKIP","floor":41},{"not_picked":["Power Through+1","Infernal Blade"],"picked":"Flame Barrier","floor":42},{"not_picked":["Iron Wave","Heavy Blade"],"picked":"Dark Embrace+1","floor":45},{"not_picked":["Infernal Blade","Rupture+1","Rampage"],"picked":"SKIP","floor":48},{"not_picked":["True Grit+1","Anger+1"],"picked":"Feel No Pain","floor":55}],"player_experience":5806646,"relics_obtained":[{"floor":6,"key":"Dream Catcher"},{"floor":8,"key":"Kunai"},{"floor":9,"key":"Bag of Marbles"},{"floor":11,"key":"Strawberry"},{"floor":12,"key":"The Courier"},{"floor":23,"key":"Anchor"},{"floor":25,"key":"White Beast Statue"},{"floor":26,"key":"Smiling Mask"},{"floor":40,"key":"MawBank"},{"floor":42,"key":"Paper Frog"},{"floor":45,"key":"Whetstone"},{"floor":48,"key":"Pantograph"},{"floor":55,"key":"Lantern"}],"event_choices":[{"damage_healed":0,"gold_gain":0,"player_choice":"Entered Light","damage_taken":23,"max_hp_gain":0,"max_hp_loss":0,"event_name":"Shining Light","floor":2,"gold_loss":0,"cards_upgraded":["Defend_R","Strike_R"]},{"damage_healed":0,"gold_gain":0,"player_choice":"Fled","damage_taken":11,"max_hp_gain":0,"max_hp_loss":0,"event_name":"Scrap Ooze","floor":4,"gold_loss":0},{"cards_removed":["Strike_R"],"damage_healed":0,"gold_gain":0,"player_choice":"Card Removal","damage_taken":7,"max_hp_gain":0,"max_hp_loss":0,"event_name":"Golden Wing","floor":5,"gold_loss":0},{"damage_healed":0,"gold_gain":270,"player_choice":"GOLD GOLD POTION GOLD ","damage_taken":33,"max_hp_gain":0,"max_hp_loss":0,"event_name":"Knowing Skull","floor":21,"potions_obtained":["Energy Potion"],"gold_loss":0,"cards_obtained":[]},{"damage_healed":0,"gold_gain":50,"player_choice":"Stole From Cult","damage_taken":0,"max_hp_gain":0,"max_hp_loss":0,"event_name":"Nest","floor":31,"gold_loss":0},{"cards_removed":["Headbutt"],"damage_healed":0,"gold_gain":0,"player_choice":"Removed Attack","damage_taken":0,"max_hp_gain":0,"max_hp_loss":0,"event_name":"Falling","floor":47,"gold_loss":0}],"is_beta":false,"boss_relics":[{"not_picked":["Mark of Pain","Black Star"],"picked":"Philosopher\u0027s Stone"},{"not_picked":["Pandora\u0027s Box","Empty Cage"],"picked":"Astrolabe"}],"items_purged_floors":[14,28,54],"is_endless":false,"potions_floor_spawned":[3,8,13,16,19,20,22,30,33,35,36,37,38,39,40,41,42,45,48,55],"ascension_level":20}