{"gold_per_floor":[119,132,151,168,184,213,213,242,267,267,280,299,329,341,353,442,454,438,466,489,551,217,217,243,243,295,131,131,31,47,72,72,146,146,160,176,189,189,1188,1218,1218,1252,1298,1309,771,791,821,837,837,837,837,837,837,147,173,173],"floor_reached":57,"playtime":3905,"items_purged":["Strike_R","Strike_R","Strike_R","Strike_R"],"score":3008,"play_id":"0e99c963-845f-4c3a-b8d8-4732c0ef8484","local_time":"20220106193237","is_ascension_mode":true,"campfire_choices":[{"floor":7,"key":"REST"},{"data":"Body Slam","floor":10,"key":"SMITH"},{"data":"Disarm","floor":15,"key":"SMITH"},{"data":"Immolate","floor":23,"key":"SMITH"},{"floor":28,"key":"REST"},{"floor":32,"key":"REST"},{"floor":41,"key":"RECALL"},{"data":"Dual Wield","floor":49,"key":"SMITH"},{"data":"Feel No Pain","floor":53,"key":"SMITH"}],"neow_cost":"NONE","seed_source_timestamp":1317302523111200,"circlet_count":0,"master_deck":["AscendersBane","Strike_R","Defend_R+1","Defend_R","Defend_R","Defend_R","Bash","Shrug It Off","Thunderclap","Perfected Strike","Evolve","Battle Trance+1","Impervious","Body Slam+1","Second Wind","Disarm+1","Immolate+1","Second Wind+1","Dark Embrace","Shrug It Off","Feel No Pain+1","Uppercut","Corruption","Body Slam","Body Slam","Battle Trance+1","Dual Wield+1","Parasite","Entrench+1","Entrench"],"relics":["Burning Blood","Blood Vial","War Paint","Sundial","MawBank","Omamori","Snecko Eye","Pen Nib","Happy Flower","Lantern","Anchor","Regal Pillow","Runic Dome","HornCleat","Bag of Preparation","Nunchaku","Gremlin Horn","Molten Egg 2","Bottled Tornado","Centennial Puzzle","Bottled Lightning"],"potions_floor_usage":[6,6,16,16,20,24,31,51,56,56],"damage_taken":[{"damage":7,"enemies":"Small Slimes","floor":1,"turns":5},{"damage":12,"enemies":"Jaw Worm","floor":2,"turns":4},{"damage":0,"enemies":"Cultist","floor":3,"turns":3},{"damage":26,"enemies":"Large Slime","floor":4,"turns":8},{"damage":1,"enemies":"2 Fungi Beasts","floor":5,"turns":4},{"damage":63,"enemies":"Lagavulin","floor":6,"turns":11},{"damage":16,"enemies":"3 Sentries","floor":8,"turns":9},{"damage":11,"enemies":"Looter","floor":11,"turns":3},{"damage":0,"enemies":"Exordium Wildlife","floor":12,"turns":5},{"damage":4,"enemies":"Gremlin Nob","floor":13,"turns":4},{"damage":20,"enemies":"Hexaghost","floor":16,"turns":14},{"damage":24,"enemies":"2 Thieves","floor":18,"turns":5},{"damage":0,"enemies":"Spheric Guardian","floor":19,"turns":3},{"damage":26,"enemies":"Snecko","floor":20,"turns":7},{"damage":32,"enemies":"Slavers","floor":24,"turns":8},{"damage":9,"enemies":"Centurion and Healer","floor":30,"turns":6},{"damage":9,"enemies":"Book of Stabbing","floor":31,"turns":5},{"damage":52,"enemies":"Automaton","floor":33,"turns":10},{"damage":0,"enemies":"Orb Walker","floor":35,"turns":2},{"damage":0,"enemies":"3 Shapes","floor":36,"turns":2},{"damage":0,"enemies":"Jaw Worm Horde","floor":37,"turns":2},{"damage":0,"enemies":"Giant Head","floor":40,"turns":4},{"damage":0,"enemies":"Reptomancer","floor":42,"turns":2},{"damage":2,"enemies":"4 Shapes","floor":44,"turns":2},{"damage":0,"enemies":"Writhing Mass","floor":46,"turns":4},{"damage":14,"enemies":"Nemesis","floor":47,"turns":3},{"damage":7,"enemies":"Maw","floor":48,"turns":5},{"damage":24,"enemies":"Time Eater","floor":50,"turns":7},{"damage":0,"enemies":"Donu and Deca","floor":51,"turns":5},{"damage":15,"enemies":"Shield and Spear","floor":55,"turns":4},{"damage":38,"enemies":"The Heart","floor":56,"turns":8}],"seed_played":"-3401747686619030580","potions_obtained":[{"floor":3,"key":"Explosive Potion"},{"floor":4,"key":"Ancient Potion"},{"floor":8,"key":"BloodPotion"},{"floor":11,"key":"Explosive Potion"},{"floor":18,"key":"EssenceOfSteel"},{"floor":19,"key":"Weak Potion"},{"floor":33,"key":"PowerPotion"},{"floor":37,"key":"BloodPotion"}],"is_trial":false,"path_per_floor":["M","M","M","M","M","E","R","E","T","R","M","M","E","?","R","B",null,"M","M","M","?","$","R","E","?","T","$","R","$","M","E","R","B",null,"M","M","M","?","?","E","R","E","T","M","$","M","E","M","R","B","B",null,"R","$","E","B",null],"character_chosen":"IRONCLAD","items_purchased":["Shrug It Off","Pen Nib","Block Potion","Anchor","Dual Wield","Gremlin Horn","BlessingOfTheForge","Bottled Tornado","Entrench","PowerPotion","Centennial Puzzle"],"campfire_rested":3,"item_purchase_floors":[22,22,22,27,45,45,45,54,54,54,54],"current_hp_per_floor":[69,65,73,55,62,7,29,21,21,21,18,26,30,25,25,28,63,47,55,37,37,37,37,13,13,13,13,35,35,34,33,70,26,63,71,75,75,75,75,75,75,75,75,75,75,75,67,68,68,52,60,71,71,71,64,34],"gold":173,"neow_bonus":"RANDOM_COMMON_RELIC","is_prod":false,"is_daily":false,"chose_seed":false,"campfire_upgraded":5,"win_rate":0,"timestamp":1641515557,"path_taken":["M","M","M","M","M","E","R","E","T","R","M","M","E","?","R","BOSS","M","M","M","?","$","R","E","?","T","?","R","$","M","E","R","BOSS","M","M","?","?","?","E","R","E","T","M","$","M","E","M","R","BOSS","BOSS","R","$","E","BOSS"],"build_version":"2020-12-22","purchased_purges":4,"victory":true,"max_hp_per_floor":[75,75,75,75,75,75,75,75,75,75,75,75,75,75,75,75,75,75,75,75,75,75,75,75,75,75,75,75,75,75,75,75,75,75,75,75,75,75,75,75,75,75,75,75,75,75,75,75,75,75,75,75,75,75,75,75],"relic_stats":{"Regal Pillow":15,"Happy Flower":[23],"Gremlin Horn":[1,2],"counters":[31,164],"Pen Nib":[18],"Omamori":2,"Bag of Preparation":[16],"War Paint":["Battle Trance","Defend_R"],"Bottled Tornado":"Dark Embrace","MawBank":108,"Burning Blood":154,"Blood Vial":50,"Nunchaku":[9],"Centennial Puzzle":[6],"Sundial":[32],"Snecko Eye":[186,182,193,172,-218],"Bottled Lightning":"Disarm","obtain_stats":[{"Lantern":26,"Regal Pillow":31,"Happy Flower":24,"Gremlin Horn":45,"Pen Nib":22,"Omamori":14,"Bag of Preparation":42,"War Paint":6,"Bottled Tornado":54,"MawBank":13,"Burning Blood":0,"Blood Vial":0,"Runic Dome":34,"Anchor":27,"Nunchaku":43,"Centennial Puzzle":54,"HornCleat":40,"Sundial":8,"Snecko Eye":17,"Molten Egg 2":47,"Bottled Lightning":55},{"Lantern":15,"Regal Pillow":17,"Happy Flower":15,"Gremlin Horn":24,"Pen Nib":14,"Omamori":10,"Bag of Preparation":23,"War Paint":6,"Bottled Tornado":29,"MawBank":10,"Burning Blood":0,"Blood Vial":0,"Runic Dome":18,"Anchor":15,"Nunchaku":23,"Centennial Puzzle":29,"HornCleat":22,"Sundial":7,"Snecko Eye":11,"Molten Egg 2":26,"Bottled Lightning":30},{"Lantern":93,"Regal Pillow":104,"Happy Flower":93,"Gremlin Horn":128,"Pen Nib":85,"Omamori":56,"Bag of Preparation":126,"War Paint":35,"Bottled Tornado":152,"MawBank":56,"Burning Blood":0,"Blood Vial":0,"Runic Dome":114,"Anchor":93,"Nunchaku":126,"Centennial Puzzle":152,"HornCleat":124,"Sundial":44,"Snecko Eye":70,"Molten Egg 2":135,"Bottled Lightning":156}]},"card_choices":[{"not_picked":["Wild Strike","Clash"],"picked":"Shrug It Off","floor":1},{"not_picked":["Exhume","Heavy Blade"],"picked":"Thunderclap","floor":2},{"not_picked":["Clothesline","Armaments"],"picked":"Perfected Strike","floor":3},{"not_picked":["Clothesline","Heavy Blade"],"picked":"Evolve","floor":4},{"not_picked":["Combust","Carnage"],"picked":"Battle Trance","floor":5},{"not_picked":["Searing Blow","Clothesline"],"picked":"Impervious","floor":6},{"not_picked":["Sever Soul","Heavy Blade"],"picked":"Body Slam","floor":8},{"not_picked":["Twin Strike","Clothesline","Seeing Red"],"picked":"SKIP","floor":11},{"not_picked":["Combust","Thunderclap"],"picked":"Second Wind","floor":12},{"not_picked":["Havoc","Headbutt"],"picked":"Disarm","floor":13},{"not_picked":["Demon Form","Fiend Fire"],"picked":"Immolate","floor":16},{"not_picked":["Shrug It Off","Battle Trance"],"picked":"Second Wind+1","floor":18},{"not_picked":["Pommel Strike","Perfected Strike"],"picked":"Dark Embrace","floor":19},{"not_picked":["Wild Strike","Entrench","Searing Blow+1"],"picked":"SKIP","floor":20},{"not_picked":["Evolve","Warcry+1"],"picked":"Feel No Pain","floor":24},{"not_picked":["Sever Soul+1","Iron Wave"],"picked":"Uppercut","floor":30},{"not_picked":["Cleave","Entrench","Twin Strike"],"picked":"SKIP","floor":31},{"not_picked":["Offering","Reaper"],"picked":"Corruption","floor":33},{"not_picked":["Flex","Reckless Charge"],"picked":"Body Slam","floor":35},{"not_picked":["Thunderclap","Wild Strike","Blood for Blood"],"picked":"SKIP","floor":36},{"not_picked":["Iron Wave+1","Flex","Twin Strike"],"picked":"SKIP","floor":37},{"not_picked":["Inflame","Ghostly Armor"],"picked":"Body Slam","floor":40},{"not_picked":["Rampage+1","Heavy Blade+1","Flex"],"picked":"SKIP","floor":42},{"not_picked":["Flex","Infernal Blade"],"picked":"Battle Trance+1","floor":44},{"not_picked":["Metallicize","Hemokinesis","Battle Trance"],"picked":"SKIP","floor":46},{"not_picked":["Metallicize","Hemokinesis","Battle Trance"],"picked":"SKIP","floor":46},{"not_picked":["Limit Break","Battle Trance","Warcry"],"picked":"SKIP","floor":47},{"not_picked":["Perfected Strike+1","Cleave+1"],"picked":"Entrench+1","floor":48},{"not_picked":["Heavy Blade+1","Rupture","Thunderclap+1"],"picked":"SKIP","floor":55}],"player_experience":5858858,"relics_obtained":[{"floor":6,"key":"War Paint"},{"floor":8,"key":"Sundial"},{"floor":13,"key":"MawBank"},{"floor":24,"key":"Happy Flower"},{"floor":26,"key":"Lantern"},{"floor":31,"key":"Regal Pillow"},{"floor":40,"key":"HornCleat"},{"floor":42,"key":"Bag of Preparation"},{"floor":43,"key":"Nunchaku"},{"floor":47,"key":"Molten Egg 2"},{"floor":55,"key":"Bottled Lightning"}],"event_choices":[{"damage_healed":0,"gold_gain":0,"player_choice":"Success","damage_taken":5,"relics_obtained":["Omamori"],"max_hp_gain":0,"max_hp_loss":0,"event_name":"Scrap Ooze","floor":14,"gold_loss":0},{"damage_healed":0,"gold_gain":50,"player_choice":"Stole From Cult","damage_taken":0,"max_hp_gain":0,"max_hp_loss":0,"event_name":"Nest","floor":21,"gold_loss":0},{"damage_healed":0,"gold_gain":0,"player_choice":"Ignored","damage_taken":0,"max_hp_gain":0,"max_hp_loss":0,"event_name":"Ghosts","floor":25,"gold_loss":0},{"damage_healed":0,"gold_gain":0,"player_choice":"Ignored","damage_taken":0,"max_hp_gain":0,"max_hp_loss":0,"event_name":"Tomb of Lord Red Mask","floor":38,"gold_loss":0},{"damage_healed":0,"gold_gain":999,"player_choice":"Gold","damage_taken":0,"max_hp_gain":0,"max_hp_loss":0,"event_name":"MindBloom","floor":39,"gold_loss":0,"cards_obtained":["Normality","Normality"]}],"is_beta":false,"boss_relics":[{"not_picked":["SacredBark","Empty Cage"],"picked":"Snecko Eye"},{"not_picked":["Sozu","Runic Cube"],"picked":"Runic Dome"}],"items_purged_floors":[22,29,45,54],"is_endless":false,"potions_floor_spawned":[3,4,8,11,18,19,33,37,46,48],"ascension_level":20}