{"gold_per_floor":[116,194,194,69,69,100,110,110,188,222,253,253,46,57,57,130,130,149,161,178,178,189,189,218,218,218,246,263,663,68,68,68,139,139,157,170,445,457,474,500,500,525,525,568,578,597,616,19,19,19,19,19,28,28,63,63],"floor_reached":56,"playtime":5561,"items_purged":["Strike_R","Strike_R","Regret"],"score":2059,"play_id":"347fc094-4914-4c0b-8f37-3d4e013997aa","local_time":"20220112180300","is_ascension_mode":true,"campfire_choices":[{"data":"Juggernaut","floor":8,"key":"SMITH"},{"data":"Immolate","floor":12,"key":"SMITH"},{"data":"Metallicize","floor":15,"key":"SMITH"},{"data":"Dark Embrace","floor":23,"key":"SMITH"},{"floor":25,"key":"REST"},{"floor":32,"key":"REST"},{"floor":41,"key":"REST"},{"floor":49,"key":"RECALL"},{"floor":53,"key":"REST"}],"neow_cost":"NONE","seed_source_timestamp":364560920975800,"circlet_count":0,"master_deck":["AscendersBane","Strike_R","Defend_R","Defend_R","Defend_R","Defend_R","Bash","Cleave","Shrug It Off","Juggernaut+1","Headbutt","Metallicize+1","Immolate+1","Power Through","Impervious","Dark Embrace+1","Shrug It Off+1","Feel No Pain","Offering+1","Fire Breathing","Perfected Strike","Evolve","True Grit","Shrug It Off","Corruption","Power Through"],"relics":["Burning Blood","NeowsBlessing","Letter Opener","Orichalcum","Gremlin Horn","WingedGreaves","Anchor","Happy Flower","Velvet Choker","HornCleat","Bronze Scales","Regal Pillow","Old Coin","Blue Candle","Dead Branch","Fusion Hammer","CeramicFish","Dream Catcher","Membership Card","Pocketwatch","Self Forming Clay","War Paint"],"potions_floor_usage":[19,22,24,24,29,33,44,44,48,55,56],"damage_taken":[{"damage":0,"enemies":"Cultist","floor":1,"turns":1},{"damage":0,"enemies":"Gremlin Nob","floor":6,"turns":2},{"damage":0,"enemies":"Jaw Worm","floor":7,"turns":1},{"damage":21,"enemies":"Lagavulin","floor":10,"turns":7},{"damage":4,"enemies":"3 Sentries","floor":11,"turns":5},{"damage":0,"enemies":"2 Louse","floor":14,"turns":2},{"damage":26,"enemies":"The Guardian","floor":16,"turns":10},{"damage":0,"enemies":"Spheric Guardian","floor":18,"turns":4},{"damage":0,"enemies":"Chosen","floor":19,"turns":4},{"damage":0,"enemies":"Centurion and Healer","floor":20,"turns":5},{"damage":3,"enemies":"Snake Plant","floor":22,"turns":5},{"damage":25,"enemies":"Book of Stabbing","floor":24,"turns":4},{"damage":14,"enemies":"Gremlin Leader","floor":27,"turns":5},{"damage":9,"enemies":"Snecko","floor":28,"turns":5},{"damage":28,"enemies":"Colosseum Slavers","floor":29,"turns":4},{"damage":25,"enemies":"Colosseum Nobs","floor":29,"turns":4},{"damage":14,"enemies":"Automaton","floor":33,"turns":8},{"damage":7,"enemies":"3 Darklings","floor":35,"turns":3},{"damage":0,"enemies":"3 Shapes","floor":36,"turns":5},{"damage":7,"enemies":"Jaw Worm Horde","floor":38,"turns":2},{"damage":8,"enemies":"Maw","floor":39,"turns":7},{"damage":29,"enemies":"Nemesis","floor":40,"turns":7},{"damage":0,"enemies":"Sphere and 2 Shapes","floor":42,"turns":3},{"damage":49,"enemies":"Giant Head","floor":44,"turns":7},{"damage":12,"enemies":"Spire Growth","floor":45,"turns":6},{"damage":4,"enemies":"Maw","floor":46,"turns":8},{"damage":24,"enemies":"Transient","floor":47,"turns":6},{"damage":0,"enemies":"Awakened One","floor":50,"turns":19},{"damage":9,"enemies":"Time Eater","floor":51,"turns":10},{"damage":13,"enemies":"Shield and Spear","floor":55,"turns":6},{"damage":73,"enemies":"The Heart","floor":56,"turns":6}],"seed_played":"2166752527361141873","potions_obtained":[{"floor":10,"key":"SmokeBomb"},{"floor":14,"key":"SkillPotion"},{"floor":16,"key":"SneckoOil"},{"floor":18,"key":"LiquidBronze"},{"floor":20,"key":"LiquidBronze"},{"floor":22,"key":"AttackPotion"},{"floor":24,"key":"HeartOfIron"},{"floor":35,"key":"Fire Potion"},{"floor":36,"key":"CultistPotion"},{"floor":42,"key":"SpeedPotion"},{"floor":44,"key":"BloodPotion"},{"floor":55,"key":"SteroidPotion"}],"is_trial":false,"path_per_floor":["M","T","$","$","?","E","M","R","T","E","E","R","$","M","R","B",null,"M","M","M","?","M","R","E","R","T","E","M","?","$","?","R","B",null,"M","M","?","M","M","E","R","M","T","E","M","M","M","$","R","B","B",null,"R","$","E","B"],"character_chosen":"IRONCLAD","items_purchased":["Shrug It Off","Happy Flower","Power Through","Offering","Dead Branch","ElixirPotion","Membership Card","Corruption","Pocketwatch","Self Forming Clay","Swift Potion","PowerPotion"],"campfire_rested":4,"item_purchase_floors":[4,13,13,30,30,30,48,48,48,48,48,48],"current_hp_per_floor":[74,74,74,74,74,75,75,75,75,60,62,62,62,68,68,48,68,74,75,75,54,57,57,38,62,62,54,51,10,10,10,49,41,70,69,75,75,74,72,49,80,80,80,37,31,33,15,31,31,37,34,69,80,80,73,0],"gold":63,"neow_bonus":"THREE_ENEMY_KILL","is_prod":false,"is_daily":false,"chose_seed":false,"campfire_upgraded":4,"win_rate":0,"timestamp":1642028580,"path_taken":["M","?","?","$","?","E","M","R","T","E","E","R","$","M","R","BOSS","M","M","M","?","M","R","E","R","T","E","M","?","$","?","R","BOSS","M","M","?","M","M","E","R","M","T","E","M","M","?","$","R","BOSS","BOSS","R","$","E","BOSS"],"build_version":"2020-12-22","purchased_purges":3,"victory":false,"max_hp_per_floor":[75,75,75,75,75,75,75,75,75,75,75,75,75,75,75,75,75,75,75,75,80,80,80,80,80,80,80,80,80,80,80,80,80,80,80,80,80,80,80,80,80,80,80,80,80,80,80,80,80,80,80,80,80,80,80,80],"relic_stats":{"Regal Pillow":22,"Gremlin Horn":[23,23],"Happy Flower":[51],"counters":[31,171],"Self Forming Clay":[21],"Blue Candle":[11],"Dead Branch":[169],"CeramicFish":36,"Letter Opener":[290],"Orichalcum":[180],"War Paint":["Offering","Shrug It Off"],"Burning Blood":152,"Dream Catcher":1,"Bronze Scales":[460],"WingedGreaves":3,"Membership Card":444,"obtain_stats":[{"Regal Pillow":27,"NeowsBlessing":0,"Gremlin Horn":9,"Happy Flower":13,"Self Forming Clay":48,"Blue Candle":29,"Dead Branch":30,"CeramicFish":40,"Velvet Choker":17,"Letter Opener":2,"Orichalcum":6,"War Paint":55,"Burning Blood":0,"Old Coin":29,"Anchor":11,"Dream Catcher":44,"HornCleat":24,"Bronze Scales":26,"WingedGreaves":10,"Fusion Hammer":34,"Membership Card":48,"Pocketwatch":48},{"Regal Pillow":13,"NeowsBlessing":0,"Gremlin Horn":3,"Happy Flower":5,"Self Forming Clay":27,"Blue Candle":16,"Dead Branch":16,"CeramicFish":22,"Velvet Choker":7,"Letter Opener":1,"Orichalcum":2,"War Paint":30,"Burning Blood":0,"Old Coin":16,"Anchor":5,"Dream Catcher":24,"HornCleat":12,"Bronze Scales":12,"WingedGreaves":4,"Fusion Hammer":17,"Membership Card":27,"Pocketwatch":27},{"Regal Pillow":55,"NeowsBlessing":0,"Gremlin Horn":4,"Happy Flower":16,"Self Forming Clay":130,"Blue Candle":68,"Dead Branch":68,"CeramicFish":100,"Velvet Choker":28,"Letter Opener":1,"Orichalcum":3,"War Paint":165,"Burning Blood":0,"Old Coin":68,"Anchor":16,"Dream Catcher":110,"HornCleat":50,"Bronze Scales":50,"WingedGreaves":11,"Fusion Hammer":76,"Membership Card":130,"Pocketwatch":130}],"Pocketwatch":[47]},"card_choices":[{"not_picked":["Clash","Body Slam"],"picked":"Cleave","floor":1},{"not_picked":["Twin Strike","Heavy Blade"],"picked":"Juggernaut","floor":6},{"not_picked":["Dropkick","Sentinel"],"picked":"Headbutt","floor":7},{"not_picked":["Thunderclap","Havoc"],"picked":"Metallicize","floor":10},{"not_picked":["Iron Wave","Metallicize"],"picked":"Immolate","floor":11},{"not_picked":["Havoc","Twin Strike","Sentinel"],"picked":"SKIP","floor":14},{"not_picked":["Brutality","Reaper"],"picked":"Impervious","floor":16},{"not_picked":["Anger","Power Through"],"picked":"Dark Embrace","floor":18},{"not_picked":["Heavy Blade","Anger+1","Sword Boomerang"],"picked":"SKIP","floor":19},{"not_picked":["Cleave","Iron Wave"],"picked":"Shrug It Off","floor":20},{"not_picked":["Bloodletting","Cleave","Feed"],"picked":"SKIP","floor":22},{"not_picked":["Bloodletting","Cleave","Feed"],"picked":"SKIP","floor":22},{"not_picked":["Flex","Warcry+1","Cleave"],"picked":"SKIP","floor":24},{"not_picked":["Evolve","Armaments"],"picked":"Feel No Pain","floor":27},{"not_picked":["Seeing Red","Sword Boomerang","Armaments+1"],"picked":"SKIP","floor":28},{"not_picked":["Twin Strike","Cleave"],"picked":"Evolve","floor":35},{"not_picked":["Thunderclap","Evolve","Sword Boomerang"],"picked":"SKIP","floor":36},{"not_picked":["Warcry","Cleave","Anger+1"],"picked":"SKIP","floor":38},{"not_picked":["Sentinel","Dual Wield+1","Demon Form"],"picked":"SKIP","floor":39},{"not_picked":["Entrench","Clash"],"picked":"True Grit","floor":42},{"not_picked":["Pummel","Burning Pact"],"picked":"Shrug It Off","floor":44},{"not_picked":["Rupture+1","Perfected Strike+1","Evolve"],"picked":"SKIP","floor":45},{"not_picked":["Armaments","Cleave+1","Wild Strike+1"],"picked":"SKIP","floor":46},{"not_picked":["Whirlwind","Spot Weakness","Battle Trance"],"picked":"SKIP","floor":47},{"not_picked":["Wild Strike","Flex"],"picked":"Power Through","floor":53},{"not_picked":["Inflame","Flex","Metallicize"],"picked":"SKIP","floor":55}],"player_experience":5913753,"relics_obtained":[{"floor":2,"key":"Letter Opener"},{"floor":6,"key":"Orichalcum"},{"floor":9,"key":"Gremlin Horn"},{"floor":10,"key":"WingedGreaves"},{"floor":11,"key":"Anchor"},{"floor":24,"key":"HornCleat"},{"floor":26,"key":"Bronze Scales"},{"floor":27,"key":"Regal Pillow"},{"floor":29,"key":"Old Coin"},{"floor":29,"key":"Blue Candle"},{"floor":40,"key":"CeramicFish"},{"floor":44,"key":"Dream Catcher"},{"floor":55,"key":"War Paint"}],"event_choices":[{"damage_healed":0,"gold_gain":0,"player_choice":"Ignored","damage_taken":0,"max_hp_gain":0,"max_hp_loss":0,"event_name":"Liars Game","floor":5,"gold_loss":0},{"damage_healed":0,"gold_gain":0,"player_choice":"Shed Blood","damage_taken":26,"max_hp_gain":5,"max_hp_loss":0,"event_name":"Forgotten Altar","floor":21,"gold_loss":0},{"damage_healed":0,"gold_gain":0,"player_choice":"Fight","damage_taken":0,"max_hp_gain":0,"max_hp_loss":0,"event_name":"Colosseum","floor":29,"gold_loss":0},{"damage_healed":0,"gold_gain":0,"player_choice":"Fought Nobs","damage_taken":0,"max_hp_gain":0,"max_hp_loss":0,"event_name":"Colosseum","floor":29,"gold_loss":0},{"damage_healed":0,"gold_gain":0,"cards_transformed":["Strike_R","Strike_R"],"player_choice":"Became Test Subject","damage_taken":0,"max_hp_gain":0,"max_hp_loss":0,"event_name":"Drug Dealer","floor":31,"gold_loss":0,"cards_obtained":["Fire Breathing","Perfected Strike"]},{"damage_healed":0,"gold_gain":275,"player_choice":"Desecrate","damage_taken":0,"max_hp_gain":0,"max_hp_loss":0,"event_name":"Golden Shrine","floor":37,"gold_loss":0,"cards_obtained":["Regret"]}],"is_beta":false,"boss_relics":[{"not_picked":["Empty Cage","Ectoplasm"],"picked":"Velvet Choker"},{"not_picked":["Pandora\u0027s Box","Black Star"],"picked":"Fusion Hammer"}],"items_purged_floors":[4,30,48],"is_endless":false,"potions_floor_spawned":[10,14,16,18,20,22,24,35,36,42,44,55],"killed_by":"The Heart","ascension_level":20}