{"gold_per_floor":[115,190,204,218,231,231,250,280,280,41,0,20,20,32,32,105,105,105,105,105,20,20,20,20,20,20,20,20,20,20,20,20,20,20,20,20,20,20,20,20,20,20,20,20,20,20,20,20,20,20,20,20,20,20,20,20],"floor_reached":57,"playtime":6059,"items_purged":["Strike_R"],"score":2926,"play_id":"86b5c7f2-38d3-43aa-81c6-25f83ad56115","local_time":"20220122143716","is_ascension_mode":true,"campfire_choices":[{"data":"Whirlwind","floor":6,"key":"SMITH"},{"data":"True Grit","floor":15,"key":"SMITH"},{"data":"Double Tap","floor":23,"key":"SMITH"},{"floor":25,"key":"REST"},{"data":"Feel No Pain","floor":32,"key":"SMITH"},{"floor":40,"key":"RECALL"},{"data":"Chrysalis","floor":42,"key":"SMITH"},{"data":"Fiend Fire","floor":44,"key":"SMITH"},{"data":"Fiend Fire","floor":49,"key":"SMITH"},{"data":"Madness","floor":53,"key":"SMITH"}],"neow_cost":"TEN_PERCENT_HP_LOSS","seed_source_timestamp":301306002720700,"circlet_count":0,"master_deck":["AscendersBane","Strike_R","Strike_R","Strike_R","Defend_R","Defend_R","Defend_R","Defend_R","Bash","Chrysalis+1","Shrug It Off","Whirlwind+1","Dropkick","Disarm","Feel No Pain+1","Double Tap+1","Fiend Fire+1","True Grit+1","Fiend Fire+1","Whirlwind+1","Shockwave","Burning Pact+1","Thinking Ahead","Master of Strategy","Madness+1","Second Wind+1","Feel No Pain+1","Dual Wield+1"],"relics":["Burning Blood","Centennial Puzzle","Bottled Lightning","Ectoplasm","HornCleat","The Courier","Mummified Hand","Red Mask","Coffee Dripper","Dead Branch","Pen Nib","Vajra"],"potions_floor_usage":[8,12,16,24,27,30,41,56,56],"damage_taken":[{"damage":6,"enemies":"Jaw Worm","floor":1,"turns":8},{"damage":3,"enemies":"2 Louse","floor":3,"turns":3},{"damage":5,"enemies":"Small Slimes","floor":4,"turns":5},{"damage":8,"enemies":"2 Fungi Beasts","floor":5,"turns":3},{"damage":14,"enemies":"Exordium Wildlife","floor":7,"turns":5},{"damage":8,"enemies":"Lagavulin","floor":8,"turns":8},{"damage":8,"enemies":"Looter","floor":11,"turns":5},{"damage":10,"enemies":"Gremlin Gang","floor":12,"turns":2},{"damage":1,"enemies":"Exordium Wildlife","floor":14,"turns":3},{"damage":39,"enemies":"The Guardian","floor":16,"turns":15},{"damage":17,"enemies":"Shell Parasite","floor":18,"turns":7},{"damage":1,"enemies":"Chosen","floor":19,"turns":4},{"damage":5,"enemies":"Centurion and Healer","floor":20,"turns":6},{"damage":47,"enemies":"Slavers","floor":24,"turns":7},{"damage":24,"enemies":"Snake Plant","floor":27,"turns":2},{"damage":7,"enemies":"Sentry and Sphere","floor":28,"turns":4},{"damage":2,"enemies":"Snecko","floor":29,"turns":5},{"damage":0,"enemies":"3 Cultists","floor":30,"turns":3},{"damage":6,"enemies":"Masked Bandits","floor":31,"turns":3},{"damage":11,"enemies":"Champ","floor":33,"turns":6},{"damage":0,"enemies":"3 Darklings","floor":35,"turns":3},{"damage":7,"enemies":"3 Shapes","floor":38,"turns":10},{"damage":0,"enemies":"Transient","floor":39,"turns":4},{"damage":20,"enemies":"Nemesis","floor":41,"turns":7},{"damage":0,"enemies":"4 Shapes","floor":45,"turns":4},{"damage":7,"enemies":"Giant Head","floor":46,"turns":4},{"damage":0,"enemies":"Spire Growth","floor":48,"turns":4},{"damage":0,"enemies":"Awakened One","floor":50,"turns":5},{"damage":0,"enemies":"Donu and Deca","floor":51,"turns":5},{"damage":0,"enemies":"Shield and Spear","floor":55,"turns":4},{"damage":21,"enemies":"The Heart","floor":56,"turns":9}],"seed_played":"-1285785063736065199","potions_obtained":[{"floor":4,"key":"Swift Potion"},{"floor":5,"key":"DuplicationPotion"},{"floor":14,"key":"SteroidPotion"},{"floor":16,"key":"AttackPotion"},{"floor":20,"key":"BloodPotion"},{"floor":24,"key":"FearPotion"},{"floor":29,"key":"ElixirPotion"},{"floor":30,"key":"Block Potion"},{"floor":46,"key":"CultistPotion"}],"is_trial":false,"path_per_floor":["M","?","M","M","M","R","M","E","T","$","M","M","?","M","R","B",null,"M","M","M","?","?","R","E","R","T","M","M","M","M","?","R","B",null,"M","?","?","M","M","R","E","R","T","R","M","E","?","M","R","B","B",null,"R","$","E","B",null],"character_chosen":"IRONCLAD","items_purchased":["Fiend Fire"],"campfire_rested":1,"item_purchase_floors":[10],"current_hp_per_floor":[68,57,60,61,59,59,51,49,49,49,47,43,36,41,41,8,53,42,47,48,48,48,48,7,27,27,9,8,12,31,31,31,26,58,64,64,54,53,59,59,45,45,45,45,51,50,50,56,56,62,68,68,68,68,68,53],"gold":20,"neow_bonus":"RANDOM_COLORLESS_2","is_prod":false,"is_daily":false,"chose_seed":false,"campfire_upgraded":8,"win_rate":0,"timestamp":1642880236,"path_taken":["M","?","M","M","M","R","M","E","T","$","M","M","?","M","R","BOSS","M","M","M","?","?","R","E","R","T","M","M","M","M","?","R","BOSS","M","?","?","M","M","R","E","R","T","R","M","E","?","?","R","BOSS","BOSS","R","$","E","BOSS"],"build_version":"2020-12-22","purchased_purges":1,"victory":true,"max_hp_per_floor":[68,68,68,68,68,68,68,68,68,68,68,68,68,68,68,68,68,68,68,68,68,68,68,68,68,68,68,68,68,68,68,68,68,68,68,68,68,68,68,68,68,68,68,68,68,68,68,68,68,68,68,68,68,68,68,68],"relic_stats":{"Centennial Puzzle":[51],"counters":[31,163],"Mummified Hand":[57],"Dead Branch":[287],"Ectoplasm":470,"The Courier":0,"Pen Nib":[7],"Bottled Lightning":"Chrysalis","obtain_stats":[{"Centennial Puzzle":8,"HornCleat":21,"Mummified Hand":26,"Dead Branch":41,"Vajra":55,"Ectoplasm":17,"The Courier":24,"Pen Nib":46,"Red Mask":31,"Coffee Dripper":34,"Bottled Lightning":9,"Burning Blood":0},{"Centennial Puzzle":6,"HornCleat":13,"Mummified Hand":14,"Dead Branch":24,"Vajra":30,"Ectoplasm":10,"The Courier":14,"Pen Nib":26,"Red Mask":19,"Coffee Dripper":20,"Bottled Lightning":6,"Burning Blood":0},{"Centennial Puzzle":32,"HornCleat":74,"Mummified Hand":81,"Dead Branch":128,"Vajra":154,"Ectoplasm":57,"The Courier":81,"Pen Nib":136,"Red Mask":98,"Coffee Dripper":104,"Bottled Lightning":32,"Burning Blood":0}],"Burning Blood":180},"card_choices":[{"not_picked":["The Bomb","Panache"],"picked":"Chrysalis","floor":0},{"not_picked":["Spot Weakness","Dark Embrace"],"picked":"Shrug It Off","floor":1},{"not_picked":["Warcry","Perfected Strike"],"picked":"Whirlwind","floor":3},{"not_picked":["Havoc","Fire Breathing"],"picked":"Dropkick","floor":4},{"not_picked":["Havoc","Combust"],"picked":"Disarm","floor":5},{"not_picked":["Anger","Perfected Strike"],"picked":"Feel No Pain","floor":7},{"not_picked":["Dropkick","Sword Boomerang"],"picked":"Double Tap","floor":8},{"not_picked":["Cleave","Clothesline","Twin Strike"],"picked":"SKIP","floor":11},{"not_picked":["Cleave","Clothesline","Twin Strike"],"picked":"SKIP","floor":11},{"not_picked":["Flex","Cleave","Seeing Red"],"picked":"SKIP","floor":12},{"not_picked":["Disarm","Iron Wave"],"picked":"True Grit","floor":14},{"not_picked":["Limit Break","Immolate"],"picked":"Fiend Fire","floor":16},{"not_picked":["Rage","Evolve","Body Slam"],"picked":"SKIP","floor":18},{"not_picked":["Clash","Havoc","Anger+1"],"picked":"SKIP","floor":19},{"not_picked":["Clash","Havoc","Anger+1"],"picked":"SKIP","floor":19},{"not_picked":["Clash","Havoc","Anger+1"],"picked":"SKIP","floor":19},{"not_picked":["Whirlwind","Clash","Wild Strike"],"picked":"SKIP","floor":20},{"not_picked":["Whirlwind","Clash","Wild Strike"],"picked":"SKIP","floor":20},{"not_picked":["Whirlwind","Clash","Wild Strike"],"picked":"SKIP","floor":20},{"not_picked":["Thunderclap","Anger"],"picked":"Whirlwind+1","floor":24},{"not_picked":["Infernal Blade","Headbutt"],"picked":"Shockwave","floor":27},{"not_picked":["Uppercut","Combust"],"picked":"Burning Pact+1","floor":28},{"not_picked":["Fiend Fire","Rage"],"picked":"Pommel Strike+1","floor":29},{"not_picked":["Wild Strike","True Grit","Anger"],"picked":"SKIP","floor":30},{"not_picked":["Wild Strike","True Grit","Anger"],"picked":"SKIP","floor":30},{"not_picked":["Clash","Anger","Cleave"],"picked":"SKIP","floor":35},{"not_picked":["Blind","Dramatic Entrance"],"picked":"Thinking Ahead","floor":37},{"not_picked":["Deep Breath","Dramatic Entrance"],"picked":"Master of Strategy","floor":37},{"not_picked":["Deep Breath","Impatience"],"picked":"Madness","floor":37},{"not_picked":["Infernal Blade","Perfected Strike","Pummel"],"picked":"SKIP","floor":38},{"not_picked":["Intimidate","Sword Boomerang+1","Twin Strike"],"picked":"SKIP","floor":39},{"not_picked":["Cleave","Armaments"],"picked":"Second Wind+1","floor":41},{"not_picked":["Rupture","Pommel Strike","Clash"],"picked":"SKIP","floor":45},{"not_picked":["Rupture","Pommel Strike","Clash"],"picked":"SKIP","floor":45},{"not_picked":["Rupture","Pommel Strike","Clash"],"picked":"SKIP","floor":45},{"not_picked":["Twin Strike","Warcry","Evolve"],"picked":"SKIP","floor":46},{"not_picked":["Bloodletting","Flex","Reckless Charge"],"picked":"SKIP","floor":48},{"not_picked":["Bloodletting","Flex","Reckless Charge"],"picked":"SKIP","floor":48},{"not_picked":["Hemokinesis","Flex"],"picked":"Dual Wield+1","floor":55}],"player_experience":6030699,"relics_obtained":[{"floor":8,"key":"Centennial Puzzle"},{"floor":9,"key":"Bottled Lightning"},{"floor":24,"key":"The Courier"},{"floor":26,"key":"Mummified Hand"},{"floor":31,"key":"Red Mask"},{"floor":41,"key":"Dead Branch"},{"floor":46,"key":"Pen Nib"},{"floor":55,"key":"Vajra"}],"event_choices":[{"damage_healed":0,"gold_gain":75,"player_choice":"Gather Gold","damage_taken":11,"max_hp_gain":0,"max_hp_loss":0,"event_name":"World of Goop","floor":2,"gold_loss":0},{"cards_removed":["Strike_R"],"damage_healed":0,"gold_gain":0,"player_choice":"Card Removal","damage_taken":7,"max_hp_gain":0,"max_hp_loss":0,"event_name":"Golden Wing","floor":13,"gold_loss":0},{"damage_healed":0,"gold_gain":0,"player_choice":"Obtained Relic","damage_taken":0,"relics_obtained":["HornCleat"],"max_hp_gain":0,"max_hp_loss":0,"event_name":"Addict","floor":21,"gold_loss":85},{"damage_healed":0,"gold_gain":0,"player_choice":"Ignored","damage_taken":0,"max_hp_gain":0,"max_hp_loss":0,"event_name":"The Mausoleum","floor":22,"gold_loss":0},{"damage_healed":0,"gold_gain":0,"player_choice":"Fought Bandits","damage_taken":0,"max_hp_gain":0,"max_hp_loss":0,"event_name":"Masked Bandits","floor":31,"gold_loss":0},{"cards_removed":["Pommel Strike"],"damage_healed":0,"gold_gain":0,"player_choice":"Removed Attack","damage_taken":0,"max_hp_gain":0,"max_hp_loss":0,"event_name":"Falling","floor":36,"gold_loss":0},{"damage_healed":0,"gold_gain":0,"player_choice":"Memory 3","damage_taken":10,"max_hp_gain":0,"max_hp_loss":0,"event_name":"SensoryStone","floor":37,"gold_loss":0},{"damage_healed":0,"gold_gain":0,"player_choice":"Copied","damage_taken":0,"max_hp_gain":0,"max_hp_loss":0,"event_name":"Duplicator","floor":47,"gold_loss":0,"cards_obtained":["Feel No Pain"]}],"is_beta":false,"boss_relics":[{"not_picked":["SacredBark","Busted Crown"],"picked":"Ectoplasm"},{"not_picked":["Black Star","Tiny House"],"picked":"Coffee Dripper"}],"items_purged_floors":[10],"is_endless":false,"potions_floor_spawned":[4,5,14,16,20,24,29,30,33,39,46],"ascension_level":20}