{"gold_per_floor":[13,13,13,37,61,61,95,108,135,178,178,178,196,540,540,636,636,650,488,513,104,154,52,52,90,90,90],"floor_reached":27,"playtime":2927,"items_purged":["Strike_R"],"score":498,"play_id":"3d107bb1-40ef-4175-990a-437476e73421","local_time":"20220118174226","is_ascension_mode":true,"campfire_choices":[{"data":"Whirlwind","floor":6,"key":"SMITH"},{"data":"Offering","floor":11,"key":"SMITH"},{"data":"Battle Trance","floor":15,"key":"SMITH"},{"data":"Panacea","floor":24,"key":"SMITH"}],"neow_cost":"NO_GOLD","seed_source_timestamp":884339829305600,"circlet_count":0,"master_deck":["AscendersBane","Strike_R","Strike_R","Strike_R","Strike_R","Defend_R","Defend_R","Defend_R","Defend_R+1","Bash","Offering+1","Armaments+1","Headbutt","Whirlwind+1","Pommel Strike","Inflame","Battle Trance+1","Rupture","Exhume","Brutality","Sword Boomerang","Cleave+1","Panacea+1"],"relics":["Burning Blood","Golden Idol","Anchor","Vajra","War Paint","Old Coin","Coffee Dripper","Happy Flower","Gambling Chip","PreservedInsect"],"potions_floor_usage":[10,12,25,25],"damage_taken":[{"damage":15,"enemies":"Jaw Worm","floor":1,"turns":4},{"damage":6,"enemies":"2 Louse","floor":4,"turns":2},{"damage":2,"enemies":"Small Slimes","floor":5,"turns":5},{"damage":28,"enemies":"Lagavulin","floor":7,"turns":6},{"damage":6,"enemies":"Red Slaver","floor":8,"turns":2},{"damage":14,"enemies":"Gremlin Nob","floor":10,"turns":3},{"damage":6,"enemies":"Large Slime","floor":13,"turns":2},{"damage":6,"enemies":"3 Sentries","floor":14,"turns":3},{"damage":48,"enemies":"Hexaghost","floor":16,"turns":8},{"damage":15,"enemies":"Chosen","floor":18,"turns":4},{"damage":12,"enemies":"3 Byrds","floor":20,"turns":5},{"damage":28,"enemies":"Book of Stabbing","floor":25,"turns":3},{"damage":18,"enemies":"3 Cultists","floor":27,"turns":2}],"seed_played":"-3487692999228288795","potions_obtained":[{"floor":5,"key":"BloodPotion"},{"floor":7,"key":"Swift Potion"},{"floor":12,"key":"ElixirPotion"},{"floor":12,"key":"Weak Potion"},{"floor":13,"key":"Swift Potion"},{"floor":14,"key":"Strength Potion"},{"floor":25,"key":"Explosive Potion"}],"is_trial":false,"path_per_floor":["M","?","?","M","M","R","E","M","T","E","R","?","M","E","R","B",null,"M","$","M","$","?","$","R","E","T","M"],"character_chosen":"IRONCLAD","items_purchased":["Happy Flower","Gambling Chip","Panacea"],"campfire_rested":0,"item_purchase_floors":[19,21,23],"current_hp_per_floor":[59,59,64,64,68,68,46,46,46,38,38,52,52,52,52,10,57,48,48,42,42,35,35,35,13,13,0],"gold":90,"neow_bonus":"THREE_RARE_CARDS","is_prod":false,"is_daily":false,"chose_seed":false,"campfire_upgraded":4,"win_rate":0,"timestamp":1642545746,"path_taken":["M","?","?","M","M","R","E","M","T","E","R","?","M","E","R","BOSS","M","?","M","$","?","$","R","E","T","M"],"build_version":"2020-12-22","purchased_purges":1,"victory":false,"max_hp_per_floor":[75,68,73,73,73,73,73,73,73,73,73,73,73,73,73,73,73,73,73,73,73,73,73,73,73,73,73],"relic_stats":{"Happy Flower":[3],"counters":[13,49],"Golden Idol":77,"Gambling Chip":[6],"PreservedInsect":0,"War Paint":["Defend_R","Armaments"],"obtain_stats":[{"Anchor":7,"Happy Flower":19,"Golden Idol":2,"Gambling Chip":21,"Vajra":9,"PreservedInsect":25,"Coffee Dripper":17,"War Paint":10,"Burning Blood":0,"Old Coin":14},{"Anchor":4,"Happy Flower":10,"Golden Idol":1,"Gambling Chip":11,"Vajra":5,"PreservedInsect":12,"Coffee Dripper":9,"War Paint":6,"Burning Blood":0,"Old Coin":8},{"Anchor":17,"Happy Flower":39,"Golden Idol":4,"Gambling Chip":44,"Vajra":19,"PreservedInsect":47,"Coffee Dripper":35,"War Paint":22,"Burning Blood":0,"Old Coin":27}],"Burning Blood":72},"card_choices":[{"not_picked":["Corruption","Limit Break"],"picked":"Offering","floor":0},{"not_picked":["Havoc","Thunderclap"],"picked":"Armaments","floor":1},{"not_picked":["Body Slam","Feel No Pain"],"picked":"Headbutt","floor":4},{"not_picked":["Havoc","Thunderclap"],"picked":"Whirlwind","floor":5},{"not_picked":["Burning Pact","Wild Strike"],"picked":"Pommel Strike","floor":7},{"not_picked":["Havoc","Berserk"],"picked":"Inflame","floor":8},{"not_picked":["Shrug It Off","Armaments"],"picked":"Battle Trance","floor":10},{"not_picked":["True Grit","Perfected Strike"],"picked":"Rupture","floor":13},{"not_picked":["Iron Wave","Inflame"],"picked":"Exhume","floor":14},{"not_picked":["Immolate","Offering"],"picked":"Brutality","floor":16},{"not_picked":["Intimidate","Havoc"],"picked":"Sword Boomerang","floor":18},{"not_picked":["Heavy Blade","Rupture"],"picked":"Cleave+1","floor":20},{"not_picked":["Armaments","Rupture","Spot Weakness"],"picked":"SKIP","floor":25}],"player_experience":5975875,"relics_obtained":[{"floor":7,"key":"Anchor"},{"floor":9,"key":"Vajra"},{"floor":10,"key":"War Paint"},{"floor":14,"key":"Old Coin"},{"floor":25,"key":"PreservedInsect"}],"event_choices":[{"damage_healed":0,"gold_gain":0,"player_choice":"Lose Max HP","damage_taken":0,"relics_obtained":["Golden Idol"],"max_hp_gain":0,"max_hp_loss":7,"event_name":"Golden Idol","floor":2,"gold_loss":0},{"damage_healed":0,"gold_gain":0,"player_choice":"Donut","damage_taken":0,"max_hp_gain":5,"max_hp_loss":0,"event_name":"Big Fish","floor":3,"gold_loss":0},{"damage_healed":0,"gold_gain":0,"player_choice":"Got Potions","damage_taken":0,"max_hp_gain":0,"max_hp_loss":0,"event_name":"Lab","floor":12,"gold_loss":0},{"damage_healed":0,"gold_gain":50,"player_choice":"Touch","damage_taken":7,"max_hp_gain":0,"max_hp_loss":0,"event_name":"FaceTrader","floor":22,"gold_loss":0}],"is_beta":false,"boss_relics":[{"not_picked":["Velvet Choker","Snecko Eye"],"picked":"Coffee Dripper"}],"items_purged_floors":[21],"is_endless":false,"potions_floor_spawned":[5,7,13,14,20,25],"killed_by":"3 Cultists","ascension_level":20}