{"gold_per_floor":[119,138,154,154,173,173,202,202,202,202,262,289,301,316,316,393,393,412,426,516,527,527,558,558,589,589,589,1,1,1,20,20,94,94,113,113,1112,360,372,404,404,430,479,479,429,439,469,482,482,482,482,482,482,56,82,82],"floor_reached":57,"playtime":5107,"items_purged":["Rupture","Normality","Heavy Blade"],"score":2976,"play_id":"79b2f366-9151-46cb-b1ea-c927541db0df","local_time":"20220120133943","is_ascension_mode":true,"campfire_choices":[{"data":"Bludgeon","floor":6,"key":"SMITH"},{"data":"Pommel Strike","floor":8,"key":"SMITH"},{"data":"Thunderclap","floor":10,"key":"SMITH"},{"data":"Immolate","floor":15,"key":"SMITH"},{"data":"Inflame","floor":24,"key":"SMITH"},{"data":"Evolve","floor":29,"key":"SMITH"},{"data":"Cloak And Dagger","floor":32,"key":"SMITH"},{"data":"Wraith Form v2","floor":41,"key":"SMITH"},{"data":"Enlightenment","floor":44,"key":"SMITH"},{"floor":49,"key":"RECALL"},{"data":"Dark Embrace","floor":53,"key":"SMITH"}],"neow_cost":"NONE","seed_source_timestamp":126006966076200,"circlet_count":0,"master_deck":["AscendersBane","Bash","Warcry","Sword Boomerang","Pommel Strike+1","Bludgeon+1","Thunderclap+1","Battle Trance","Immolate+1","Inflame+1","Reaper","Evolve+1","Pommel Strike","Sever Soul","Flame Barrier","Ghostly Armor","Disarm","Whirlwind","Shrug It Off","Flame Barrier","Dark Embrace+1","Power Through","Cloak And Dagger+1","Wraith Form v2+1","JustLucky","Master of Strategy","Secret Weapon","Enlightenment+1","Reinforced Body+1","Crescendo+1","Purity","Clumsy","Steam Power","Dark Embrace","Reinforced Body"],"relics":["Mark of Pain","Paper Frog","Pocketwatch","CaptainsWheel","Bag of Preparation","Pandora\u0027s Box","Blue Candle","Bag of Marbles","Omamori","Orichalcum","PrismaticShard","Kunai","Cursed Key","Charon\u0027s Ashes","Medical Kit","Centennial Puzzle","Mango","Letter Opener","Bottled Tornado","ClockworkSouvenir","Art of War"],"potions_floor_usage":[7,7,19,56],"damage_taken":[{"damage":4,"enemies":"Jaw Worm","floor":1,"turns":4},{"damage":7,"enemies":"2 Louse","floor":2,"turns":3},{"damage":0,"enemies":"Cultist","floor":3,"turns":2},{"damage":16,"enemies":"2 Fungi Beasts","floor":5,"turns":3},{"damage":10,"enemies":"3 Sentries","floor":7,"turns":7},{"damage":14,"enemies":"Lagavulin Event","floor":11,"turns":3},{"damage":0,"enemies":"Lagavulin","floor":12,"turns":4},{"damage":1,"enemies":"Looter","floor":13,"turns":2},{"damage":0,"enemies":"3 Louse","floor":14,"turns":2},{"damage":12,"enemies":"Hexaghost","floor":16,"turns":6},{"damage":19,"enemies":"Shell Parasite","floor":18,"turns":4},{"damage":0,"enemies":"Chosen","floor":19,"turns":3},{"damage":0,"enemies":"3 Cultists","floor":21,"turns":3},{"damage":10,"enemies":"Gremlin Leader","floor":23,"turns":4},{"damage":10,"enemies":"Book of Stabbing","floor":25,"turns":5},{"damage":3,"enemies":"Centurion and Healer","floor":31,"turns":4},{"damage":51,"enemies":"Automaton","floor":33,"turns":10},{"damage":6,"enemies":"3 Shapes","floor":35,"turns":3},{"damage":1,"enemies":"Orb Walker","floor":39,"turns":3},{"damage":8,"enemies":"Reptomancer","floor":40,"turns":4},{"damage":0,"enemies":"Nemesis","floor":42,"turns":3},{"damage":1,"enemies":"Transient","floor":46,"turns":5},{"damage":1,"enemies":"Reptomancer","floor":47,"turns":2},{"damage":1,"enemies":"Maw","floor":48,"turns":3},{"damage":5,"enemies":"Awakened One","floor":50,"turns":12},{"damage":10,"enemies":"Donu and Deca","floor":51,"turns":4},{"damage":1,"enemies":"Shield and Spear","floor":55,"turns":3},{"damage":48,"enemies":"The Heart","floor":56,"turns":8}],"seed_played":"-134903301436013662","potions_obtained":[{"floor":1,"key":"SpeedPotion"},{"floor":2,"key":"Ancient Potion"},{"floor":11,"key":"Fire Potion"},{"floor":14,"key":"BloodPotion"},{"floor":19,"key":"Dexterity Potion"},{"floor":31,"key":"AttackPotion"},{"floor":40,"key":"BloodPotion"}],"is_trial":false,"path_per_floor":["M","M","M","?","M","R","E","R","T","R","?","E","M","M","R","B",null,"M","M","?","M","?","E","R","E","T","?","$","R","?","M","R","B",null,"M","?","?","$","M","E","R","E","T","R","?","M","E","M","R","B","B",null,"R","$","E","B",null],"character_chosen":"IRONCLAD","items_purchased":["PrismaticShard","Kunai","Power Through","Charon\u0027s Ashes","Medical Kit","Centennial Puzzle","ClockworkSouvenir","Dark Embrace","PowerPotion"],"campfire_rested":0,"item_purchase_floors":[28,28,28,38,38,38,54,54,54],"current_hp_per_floor":[64,57,57,57,41,41,31,31,31,31,17,17,16,16,16,4,57,48,69,51,63,63,63,63,65,65,65,65,65,44,48,48,18,65,74,64,64,64,75,87,87,87,87,87,87,94,93,94,94,93,94,94,94,94,94,51],"gold":82,"neow_bonus":"BOSS_RELIC","is_prod":false,"is_daily":false,"chose_seed":false,"campfire_upgraded":10,"win_rate":0,"timestamp":1642703983,"path_taken":["M","M","M","?","M","R","E","R","T","R","?","E","M","M","R","BOSS","M","M","?","?","?","E","R","E","T","?","$","R","?","M","R","BOSS","M","?","?","$","?","E","R","E","T","R","?","?","E","M","R","BOSS","BOSS","R","$","E","BOSS"],"build_version":"2020-12-22","purchased_purges":3,"victory":true,"max_hp_per_floor":[75,75,75,75,75,75,75,75,75,75,75,75,75,75,75,75,75,75,75,75,75,75,75,75,75,75,75,75,75,80,80,80,80,80,80,80,80,80,80,94,94,94,94,94,94,94,94,94,94,94,94,94,94,94,94,94],"relic_stats":{"counters":[28,119],"Blue Candle":[9],"Charon\u0027s Ashes":[780],"Bag of Preparation":[42],"Omamori":2,"Letter Opener":[204],"Orichalcum":[72],"Bottled Tornado":"Dark Embrace","Cursed Key":1,"Medical Kit":[46],"Centennial Puzzle":[26],"Pandora\u0027s Box":["Heavy Blade","Evolve","Rupture","Pommel Strike","Sever Soul","Flame Barrier","Ghostly Armor","Disarm","Whirlwind"],"Art of War":[1],"Kunai":[32],"obtain_stats":[{"Blue Candle":23,"Mango":40,"Charon\u0027s Ashes":38,"Bag of Preparation":12,"Omamori":26,"Letter Opener":42,"Orichalcum":27,"Bottled Tornado":47,"PrismaticShard":28,"Cursed Key":34,"Medical Kit":38,"Burning Blood":0,"ClockworkSouvenir":54,"CaptainsWheel":11,"Centennial Puzzle":38,"Pandora\u0027s Box":17,"Mark of Pain":0,"Bag of Marbles":25,"Art of War":55,"Kunai":28,"Paper Frog":7,"Pocketwatch":9},{"Blue Candle":14,"Mango":20,"Charon\u0027s Ashes":18,"Bag of Preparation":7,"Omamori":15,"Letter Opener":21,"Orichalcum":15,"Bottled Tornado":23,"PrismaticShard":15,"Cursed Key":17,"Medical Kit":18,"Burning Blood":0,"ClockworkSouvenir":26,"CaptainsWheel":6,"Centennial Puzzle":18,"Pandora\u0027s Box":10,"Mark of Pain":0,"Bag of Marbles":15,"Art of War":27,"Kunai":15,"Paper Frog":5,"Pocketwatch":5},{"Blue Candle":50,"Mango":79,"Charon\u0027s Ashes":72,"Bag of Preparation":26,"Omamori":55,"Letter Opener":82,"Orichalcum":55,"Bottled Tornado":89,"PrismaticShard":55,"Cursed Key":69,"Medical Kit":72,"Burning Blood":0,"ClockworkSouvenir":108,"CaptainsWheel":22,"Centennial Puzzle":72,"Pandora\u0027s Box":36,"Mark of Pain":0,"Bag of Marbles":55,"Art of War":111,"Kunai":55,"Paper Frog":19,"Pocketwatch":19}],"Pocketwatch":[132]},"card_choices":[{"not_picked":["Bloodletting","Body Slam"],"picked":"Warcry","floor":1},{"not_picked":["Bloodletting","Clash"],"picked":"Sword Boomerang","floor":2},{"not_picked":["Iron Wave","Rampage"],"picked":"Pommel Strike","floor":3},{"not_picked":["Dual Wield","Shrug It Off"],"picked":"Bludgeon","floor":5},{"not_picked":["Hemokinesis","Cleave"],"picked":"Thunderclap","floor":7},{"not_picked":["Heavy Blade","Pommel Strike"],"picked":"Battle Trance","floor":11},{"not_picked":["Warcry","Flex"],"picked":"Immolate","floor":12},{"not_picked":["Anger","Clothesline","Warcry"],"picked":"SKIP","floor":13},{"not_picked":["Body Slam","Warcry"],"picked":"Inflame","floor":14},{"not_picked":["Immolate","Fiend Fire"],"picked":"Reaper","floor":16},{"not_picked":["Iron Wave","Warcry"],"picked":"Shrug It Off","floor":18},{"not_picked":["Cleave","Blood for Blood"],"picked":"Flame Barrier","floor":19},{"not_picked":["Carnage","Clash","Body Slam+1"],"picked":"SKIP","floor":21},{"not_picked":["Thunderclap","Armaments","Warcry+1"],"picked":"SKIP","floor":23},{"not_picked":["Perfected Strike","Flame Barrier","Berserk"],"picked":"SKIP","floor":25},{"not_picked":["Deep Breath","Prepared"],"picked":"Cloak And Dagger","floor":31},{"not_picked":["Magnetism","Secret Weapon"],"picked":"Wraith Form v2","floor":33},{"not_picked":["FollowUp","Flex"],"picked":"JustLucky","floor":35},{"not_picked":["Blind","Panacea"],"picked":"Master of Strategy","floor":36},{"not_picked":["Panache","PanicButton"],"picked":"Secret Weapon","floor":36},{"not_picked":["Secret Weapon","Metamorphosis"],"picked":"Enlightenment","floor":36},{"not_picked":["Perfected Strike","FollowUp"],"picked":"Reinforced Body","floor":39},{"not_picked":["Fire Breathing","Shrug It Off"],"picked":"Crescendo+1","floor":40},{"not_picked":["Force Field","Brutality"],"picked":"Purity","floor":42},{"not_picked":["Cloak And Dagger","Rebound","FlyingSleeves"],"picked":"SKIP","floor":46},{"not_picked":["Redo","Accuracy"],"picked":"Steam Power","floor":47},{"not_picked":["Predator","Deadly Poison","FlurryOfBlows"],"picked":"SKIP","floor":48},{"not_picked":["Sweeping Beam+1","Creative AI"],"picked":"Reinforced Body","floor":55}],"player_experience":6005602,"relics_obtained":[{"floor":7,"key":"Paper Frog"},{"floor":9,"key":"Pocketwatch"},{"floor":11,"key":"CaptainsWheel"},{"floor":12,"key":"Bag of Preparation"},{"floor":23,"key":"Blue Candle"},{"floor":25,"key":"Bag of Marbles"},{"floor":26,"key":"Omamori"},{"floor":40,"key":"Mango"},{"floor":42,"key":"Letter Opener"},{"floor":47,"key":"Bottled Tornado"},{"floor":55,"key":"Art of War"}],"event_choices":[{"damage_healed":0,"gold_gain":0,"player_choice":"Ignored","damage_taken":0,"max_hp_gain":0,"max_hp_loss":0,"event_name":"Liars Game","floor":4,"gold_loss":0},{"damage_healed":0,"gold_gain":30,"player_choice":"Searched \u00272\u0027 times","damage_taken":0,"max_hp_gain":0,"max_hp_loss":0,"event_name":"Dead Adventurer","floor":11,"gold_loss":0},{"damage_healed":0,"gold_gain":90,"player_choice":"POTION GOLD ","damage_taken":18,"max_hp_gain":0,"max_hp_loss":0,"event_name":"Knowing Skull","floor":20,"potions_obtained":["Fire Potion"],"gold_loss":0,"cards_obtained":[]},{"damage_healed":0,"gold_gain":0,"player_choice":"Read","damage_taken":0,"max_hp_gain":0,"max_hp_loss":0,"event_name":"The Library","floor":22,"gold_loss":0,"cards_obtained":["Dark Embrace"]},{"damage_healed":0,"gold_gain":0,"player_choice":"Stole Relic","damage_taken":0,"relics_obtained":["Orichalcum"],"max_hp_gain":0,"max_hp_loss":0,"event_name":"Addict","floor":27,"gold_loss":0,"cards_obtained":["Shame"]},{"damage_healed":0,"gold_gain":0,"player_choice":"Shed Blood","damage_taken":26,"max_hp_gain":5,"max_hp_loss":0,"event_name":"Forgotten Altar","floor":30,"gold_loss":0},{"damage_healed":0,"gold_gain":0,"player_choice":"Memory 3","damage_taken":10,"max_hp_gain":0,"max_hp_loss":0,"event_name":"SensoryStone","floor":36,"gold_loss":0},{"damage_healed":0,"gold_gain":999,"player_choice":"Gold","damage_taken":0,"max_hp_gain":0,"max_hp_loss":0,"event_name":"MindBloom","floor":37,"gold_loss":0,"cards_obtained":["Normality","Normality"]},{"damage_healed":0,"gold_gain":0,"player_choice":"Upgrade","damage_taken":0,"max_hp_gain":0,"max_hp_loss":0,"event_name":"Designer","floor":45,"gold_loss":50,"cards_upgraded":["Reinforced Body"]}],"is_beta":false,"boss_relics":[{"not_picked":["SlaversCollar","SacredBark"],"picked":"Pandora\u0027s Box"},{"not_picked":["Coffee Dripper","Runic Pyramid"],"picked":"Cursed Key"}],"items_purged_floors":[28,38,54],"is_endless":false,"potions_floor_spawned":[1,2,5,11,14,19,21,31,40,46],"ascension_level":20}