{"gold_per_floor":[110,120,139,150,165,165,11,11,11,22,57,57,83,95,95,172,172,191,203,220,233,233,233,264,264,264,264,281,298,298,36,36,110,110,127,146,162,181,181,181,161,187,187,202,218,244,244,261,261,261,261,261,261,2,28,28],"floor_reached":57,"playtime":7776,"items_purged":["Strike_R","Strike_R"],"score":2775,"play_id":"87568b73-a56a-498f-b248-839a79a85e1c","local_time":"20220112202112","is_ascension_mode":true,"campfire_choices":[{"data":"Bash","floor":6,"key":"SMITH"},{"data":"Cleave","floor":8,"key":"SMITH"},{"data":"Bludgeon","floor":15,"key":"SMITH"},{"data":"Battle Trance","floor":23,"key":"SMITH"},{"floor":25,"key":"REST"},{"data":"True Grit","floor":30,"key":"SMITH"},{"floor":32,"key":"REST"},{"data":"Offering","floor":40,"key":"SMITH"},{"floor":49,"key":"RECALL"},{"data":"Burning Pact","floor":53,"key":"SMITH"}],"neow_cost":"TEN_PERCENT_HP_LOSS","seed_source_timestamp":370621722407500,"circlet_count":0,"master_deck":["AscendersBane","Strike_R","Strike_R","Strike_R","Defend_R","Defend_R","Defend_R","Defend_R","Bash+1","Shrug It Off","Clothesline","Flex","Iron Wave","Bludgeon+1","Headbutt+1","True Grit+1","Pummel+1","Reaper+1","Uppercut+1","Battle Trance+1","Bloodletting","RitualDagger+1","Feel No Pain","Battle Trance+1","Blood for Blood+1","Offering+1","Burning Pact+1","Fiend Fire+1","Impervious","Shrug It Off+1","Feel No Pain+1","Spot Weakness","Feel No Pain","Offering+1","Pommel Strike+1","Second Wind"],"relics":["Burning Blood","Calipers","Self Forming Clay","Molten Egg 2","Nunchaku","Runic Dome","Singing Bowl","HornCleat","ClockworkSouvenir","Coffee Dripper","Vajra","Eternal Feather","Incense Burner","DollysMirror","White Beast Statue"],"potions_floor_usage":[4,13,16,24,24,33,37,42,42,56,56],"damage_taken":[{"damage":2,"enemies":"Cultist","floor":1,"turns":4},{"damage":1,"enemies":"2 Louse","floor":2,"turns":3},{"damage":1,"enemies":"Jaw Worm","floor":3,"turns":3},{"damage":34,"enemies":"Exordium Thugs","floor":4,"turns":9},{"damage":9,"enemies":"Red Slaver","floor":5,"turns":4},{"damage":5,"enemies":"Large Slime","floor":10,"turns":5},{"damage":8,"enemies":"Gremlin Nob","floor":11,"turns":3},{"damage":15,"enemies":"Lagavulin","floor":13,"turns":4},{"damage":8,"enemies":"Lots of Slimes","floor":14,"turns":3},{"damage":16,"enemies":"Hexaghost","floor":16,"turns":8},{"damage":19,"enemies":"3 Byrds","floor":18,"turns":4},{"damage":27,"enemies":"2 Thieves","floor":19,"turns":4},{"damage":10,"enemies":"3 Cultists","floor":20,"turns":4},{"damage":26,"enemies":"Chosen and Byrds","floor":21,"turns":6},{"damage":37,"enemies":"Book of Stabbing","floor":24,"turns":4},{"damage":3,"enemies":"Snake Plant","floor":28,"turns":2},{"damage":3,"enemies":"Cultist and Chosen","floor":29,"turns":4},{"damage":60,"enemies":"Champ","floor":33,"turns":17},{"damage":15,"enemies":"3 Shapes","floor":35,"turns":6},{"damage":18,"enemies":"3 Darklings","floor":36,"turns":5},{"damage":9,"enemies":"Writhing Mass","floor":37,"turns":3},{"damage":32,"enemies":"Jaw Worm Horde","floor":38,"turns":3},{"damage":39,"enemies":"Reptomancer","floor":42,"turns":3},{"damage":15,"enemies":"3 Darklings","floor":44,"turns":7},{"damage":6,"enemies":"Sphere and 2 Shapes","floor":45,"turns":3},{"damage":12,"enemies":"Giant Head","floor":46,"turns":5},{"damage":9,"enemies":"Spire Growth","floor":48,"turns":4},{"damage":18,"enemies":"Awakened One","floor":50,"turns":18},{"damage":28,"enemies":"Donu and Deca","floor":51,"turns":12},{"damage":7,"enemies":"Shield and Spear","floor":55,"turns":9},{"damage":21,"enemies":"The Heart","floor":56,"turns":9}],"seed_played":"5137718932978590393","potions_obtained":[{"floor":2,"key":"EssenceOfSteel"},{"floor":5,"key":"Weak Potion"},{"floor":10,"key":"SneckoOil"},{"floor":13,"key":"FearPotion"},{"floor":18,"key":"GamblersBrew"},{"floor":28,"key":"AttackPotion"},{"floor":33,"key":"Regen Potion"},{"floor":36,"key":"GamblersBrew"},{"floor":38,"key":"SteroidPotion"},{"floor":44,"key":"LiquidBronze"},{"floor":45,"key":"SkillPotion"},{"floor":48,"key":"Swift Potion"}],"is_trial":false,"path_per_floor":["M","M","M","M","M","R","$","R","T","M","E","$","E","M","R","B",null,"M","M","M","M","?","R","E","R","T","?","M","M","R","$","R","B",null,"M","M","M","M","?","R","?","E","T","M","M","E","T","M","R","B","B",null,"R","$","E","B",null],"character_chosen":"IRONCLAD","items_purchased":["Fire Potion","Cleave","ClockworkSouvenir","Feel No Pain","DollysMirror","Pommel Strike+1"],"campfire_rested":2,"item_purchase_floors":[7,7,31,54,54,54],"current_hp_per_floor":[68,68,68,40,37,37,37,37,37,38,36,36,27,25,25,15,55,52,38,58,44,38,38,7,27,27,27,36,46,46,46,67,18,57,59,61,61,37,37,37,37,45,45,51,67,76,76,76,76,73,51,70,76,76,75,60],"gold":28,"neow_bonus":"ONE_RARE_RELIC","is_prod":false,"is_daily":false,"chose_seed":false,"campfire_upgraded":7,"win_rate":0,"timestamp":1642036872,"path_taken":["M","M","M","M","M","R","$","R","T","?","E","$","E","M","R","BOSS","M","M","M","M","?","R","E","R","T","?","M","?","R","$","R","BOSS","M","M","M","M","?","R","?","E","T","M","?","E","?","M","R","BOSS","BOSS","R","$","E","BOSS"],"build_version":"2020-12-22","purchased_purges":2,"victory":true,"max_hp_per_floor":[68,68,68,68,68,68,68,68,68,68,68,68,68,68,68,68,68,68,68,68,68,68,68,68,68,68,68,70,70,70,70,70,70,70,70,72,72,74,74,74,74,74,74,74,74,76,76,76,76,76,76,76,76,76,76,76],"relic_stats":{"Nunchaku":[30],"Calipers":[1651],"Singing Bowl":8,"counters":[31,178],"Self Forming Clay":[237],"Eternal Feather":6,"obtain_stats":[{"Calipers":0,"Singing Bowl":24,"Self Forming Clay":9,"Vajra":42,"Eternal Feather":46,"Incense Burner":47,"Burning Blood":0,"White Beast Statue":55,"ClockworkSouvenir":31,"Runic Dome":17,"Nunchaku":13,"HornCleat":26,"DollysMirror":54,"Molten Egg 2":11,"Coffee Dripper":34},{"Calipers":0,"Singing Bowl":15,"Self Forming Clay":5,"Vajra":23,"Eternal Feather":26,"Incense Burner":26,"Burning Blood":0,"White Beast Statue":30,"ClockworkSouvenir":17,"Runic Dome":10,"Nunchaku":8,"HornCleat":15,"DollysMirror":29,"Molten Egg 2":7,"Coffee Dripper":18},{"Calipers":0,"Singing Bowl":68,"Self Forming Clay":23,"Vajra":111,"Eternal Feather":126,"Incense Burner":126,"Burning Blood":0,"White Beast Statue":169,"ClockworkSouvenir":74,"Runic Dome":46,"Nunchaku":35,"HornCleat":68,"DollysMirror":160,"Molten Egg 2":31,"Coffee Dripper":91}],"Burning Blood":171,"White Beast Statue":[0.0,0.0,0.0,0.0,0.0,1.0,0.0,0.0,0.0,0.0,0.0,0.0]},"card_choices":[{"not_picked":["Iron Wave","Heavy Blade"],"picked":"Shrug It Off","floor":1},{"not_picked":["Heavy Blade","Flex"],"picked":"Clothesline","floor":2},{"not_picked":["Clothesline","Dual Wield"],"picked":"Flex","floor":3},{"not_picked":["Body Slam","Perfected Strike"],"picked":"Iron Wave","floor":4},{"not_picked":["Bloodletting","Iron Wave","Shrug It Off"],"picked":"SKIP","floor":5},{"not_picked":["Perfected Strike","Body Slam"],"picked":"Bludgeon","floor":10},{"not_picked":["Clash+1","Twin Strike+1"],"picked":"Headbutt+1","floor":11},{"not_picked":["Twin Strike+1","Rupture"],"picked":"True Grit","floor":13},{"not_picked":["Ghostly Armor","Perfected Strike+1"],"picked":"Pummel+1","floor":14},{"not_picked":["Fiend Fire+1","Limit Break"],"picked":"Reaper+1","floor":16},{"not_picked":["Reckless Charge+1","Evolve"],"picked":"Uppercut+1","floor":18},{"not_picked":["Pommel Strike+1","Warcry"],"picked":"Battle Trance","floor":19},{"not_picked":["Combust","Sever Soul+1"],"picked":"Bloodletting","floor":20},{"not_picked":["Seeing Red","Headbutt+1","Blood for Blood+1"],"picked":"SKIP","floor":21},{"not_picked":["Armaments","Infernal Blade"],"picked":"Feel No Pain","floor":24},{"not_picked":["Anger+1","Dropkick+1","Wild Strike+1"],"picked":"Singing Bowl","floor":28},{"not_picked":["Wild Strike+1","Armaments"],"picked":"Blood for Blood+1","floor":29},{"not_picked":["Limit Break","Demon Form"],"picked":"Offering","floor":33},{"not_picked":["Havoc+1","Evolve"],"picked":"Burning Pact","floor":35},{"not_picked":["Clash+1","Flex","Armaments"],"picked":"Singing Bowl","floor":36},{"not_picked":["Thunderclap+1","Flame Barrier"],"picked":"Fiend Fire+1","floor":37},{"not_picked":["Armaments","Searing Blow+1","Carnage+1"],"picked":"Singing Bowl","floor":38},{"not_picked":["True Grit","Intimidate+1"],"picked":"Impervious","floor":42},{"not_picked":["Sword Boomerang+1","Heavy Blade+1"],"picked":"Shrug It Off+1","floor":44},{"not_picked":["Shrug It Off","Dropkick+1"],"picked":"Feel No Pain+1","floor":45},{"not_picked":["Combust","Headbutt+1","Havoc"],"picked":"Singing Bowl","floor":46},{"not_picked":["Wild Strike+1","Perfected Strike+1"],"picked":"Spot Weakness","floor":48},{"not_picked":["Blood for Blood+1","Clash+1"],"picked":"Second Wind","floor":55}],"player_experience":5919314,"relics_obtained":[{"floor":9,"key":"Self Forming Clay"},{"floor":11,"key":"Molten Egg 2"},{"floor":13,"key":"Nunchaku"},{"floor":24,"key":"Singing Bowl"},{"floor":26,"key":"HornCleat"},{"floor":42,"key":"Vajra"},{"floor":46,"key":"Eternal Feather"},{"floor":47,"key":"Incense Burner"},{"floor":55,"key":"White Beast Statue"}],"event_choices":[{"damage_healed":0,"gold_gain":0,"player_choice":"Joined the Cult","damage_taken":6,"max_hp_gain":0,"max_hp_loss":0,"event_name":"Nest","floor":22,"gold_loss":0,"cards_obtained":["RitualDagger"]},{"damage_healed":0,"gold_gain":0,"player_choice":"Copied","damage_taken":0,"max_hp_gain":0,"max_hp_loss":0,"event_name":"Duplicator","floor":27,"gold_loss":0,"cards_obtained":["Battle Trance"]},{"cards_removed":["Cleave"],"damage_healed":0,"gold_gain":0,"player_choice":"Removed Attack","damage_taken":0,"max_hp_gain":0,"max_hp_loss":0,"event_name":"Falling","floor":39,"gold_loss":0},{"damage_healed":0,"gold_gain":0,"player_choice":"Bought 1 Potion","damage_taken":0,"max_hp_gain":0,"max_hp_loss":0,"event_name":"The Woman in Blue","floor":41,"gold_loss":0}],"is_beta":false,"boss_relics":[{"not_picked":["Velvet Choker","Philosopher\u0027s Stone"],"picked":"Runic Dome"},{"not_picked":["Calling Bell","Tiny House"],"picked":"Coffee Dripper"}],"items_purged_floors":[7,31],"is_endless":false,"potions_floor_spawned":[2,5,10,11,13,18,28,33,36,38,44,45,48],"ascension_level":20}