{"gold_per_floor":[10,10,23,37,51,51,76,76,147,147,167,177,189,217,217,295,295,315,335,95,130,146,178,178,196,246,258,270,302,325,356,368,462,474,502,532,98,107,133,167,167,202,250,117,143,143,177,206,206,206,206,206,206,38,73,73],"floor_reached":57,"playtime":4850,"items_purged":["Wild Strike"],"score":2752,"play_id":"d53e443c-16e6-4165-ad8f-d55021c238f9","local_time":"20220201182226","is_ascension_mode":true,"campfire_choices":[{"data":"Pommel Strike","floor":6,"key":"SMITH"},{"data":"Rage","floor":8,"key":"SMITH"},{"data":"Iron Wave","floor":10,"key":"SMITH"},{"data":"True Grit","floor":15,"key":"SMITH"},{"floor":24,"key":"REST"},{"floor":28,"key":"REST"},{"data":"Barricade","floor":32,"key":"SMITH"},{"data":"Apotheosis","floor":41,"key":"SMITH"},{"floor":49,"key":"RECALL"},{"data":"Intimidate","floor":53,"key":"SMITH"}],"neow_cost":"NO_GOLD","seed_source_timestamp":1180001969676100,"circlet_count":0,"master_deck":["AscendersBane","Bash","Sword Boomerang","Juggernaut+1","Rage+1","Iron Wave+1","Shrug It Off","Pommel Strike+1","Disarm","True Grit+1","Fiend Fire","Reaper","Anger","Second Wind","Seeing Red","Intimidate+1","Impervious","Barricade+1","Spot Weakness","Warcry+1","Berserk","Berserk","Violence","Thinking Ahead","Shrug It Off","Disarm","Apotheosis+1","Decay","Body Slam","Flame Barrier","Shockwave","Metallicize","Entrench","True Grit+1","Feel No Pain","Offering"],"relics":["Burning Blood","Du-Vu Doll","Letter Opener","MealTicket","Pandora\u0027s Box","OrangePellets","Red Mask","CeramicFish","MawBank","Runic Pyramid","Art of War","Centennial Puzzle","Happy Flower","Toy Ornithopter","Boot"],"potions_floor_usage":[11,13,14,21,23,31,40,56],"damage_taken":[{"damage":2,"enemies":"Jaw Worm","floor":1,"turns":3},{"damage":9,"enemies":"Cultist","floor":3,"turns":4},{"damage":3,"enemies":"Small Slimes","floor":4,"turns":3},{"damage":3,"enemies":"Blue Slaver","floor":5,"turns":3},{"damage":9,"enemies":"Lagavulin","floor":7,"turns":7},{"damage":9,"enemies":"Exordium Thugs","floor":11,"turns":4},{"damage":4,"enemies":"Looter","floor":12,"turns":3},{"damage":7,"enemies":"Gremlin Gang","floor":13,"turns":5},{"damage":16,"enemies":"Gremlin Nob","floor":14,"turns":4},{"damage":32,"enemies":"The Guardian","floor":16,"turns":10},{"damage":18,"enemies":"3 Byrds","floor":18,"turns":7},{"damage":0,"enemies":"Chosen","floor":19,"turns":5},{"damage":14,"enemies":"Masked Bandits","floor":21,"turns":4},{"damage":9,"enemies":"Centurion and Healer","floor":22,"turns":6},{"damage":69,"enemies":"Slavers","floor":23,"turns":12},{"damage":6,"enemies":"Snake Plant","floor":25,"turns":6},{"damage":20,"enemies":"3 Cultists","floor":29,"turns":6},{"damage":10,"enemies":"Centurion and Healer","floor":30,"turns":6},{"damage":33,"enemies":"Sentry and Sphere","floor":31,"turns":6},{"damage":23,"enemies":"Champ","floor":33,"turns":9},{"damage":21,"enemies":"3 Darklings","floor":35,"turns":8},{"damage":0,"enemies":"Orb Walker","floor":39,"turns":3},{"damage":39,"enemies":"Reptomancer","floor":40,"turns":6},{"damage":14,"enemies":"Nemesis","floor":42,"turns":7},{"damage":28,"enemies":"3 Darklings","floor":45,"turns":8},{"damage":4,"enemies":"Reptomancer","floor":47,"turns":6},{"damage":5,"enemies":"Spire Growth","floor":48,"turns":6},{"damage":37,"enemies":"Time Eater","floor":50,"turns":11},{"damage":48,"enemies":"Donu and Deca","floor":51,"turns":10},{"damage":20,"enemies":"Shield and Spear","floor":55,"turns":6},{"damage":63,"enemies":"The Heart","floor":56,"turns":10}],"seed_played":"7329185149898588594","potions_obtained":[{"floor":4,"key":"BloodPotion"},{"floor":7,"key":"BloodPotion"},{"floor":11,"key":"SpeedPotion"},{"floor":13,"key":"AttackPotion"},{"floor":16,"key":"Explosive Potion"},{"floor":22,"key":"ElixirPotion"},{"floor":29,"key":"Fire Potion"},{"floor":39,"key":"SkillPotion"},{"floor":40,"key":"BloodPotion"}],"is_trial":false,"path_per_floor":["M","?","M","M","M","R","E","R","T","R","M","M","M","E","R","B",null,"M","M","$","?","M","E","R","M","T","?","R","M","M","M","R","B",null,"M","?","$","?","M","E","R","E","T","$","M","?","E","M","R","B","B",null,"R","$","E","B",null],"character_chosen":"IRONCLAD","items_purchased":["OrangePellets","Shrug It Off","Disarm","Art of War","Apotheosis","Flame Barrier","Shockwave","Feel No Pain","Offering"],"campfire_rested":2,"item_purchase_floors":[20,37,37,37,37,44,44,54,54],"current_hp_per_floor":[72,72,69,72,75,75,72,72,72,72,75,75,74,64,64,38,66,60,71,75,67,72,15,37,37,37,16,40,43,51,29,29,12,63,80,70,80,80,80,80,80,80,80,80,80,76,76,76,76,76,51,70,70,76,74,37],"gold":73,"neow_bonus":"TRANSFORM_TWO_CARDS","is_prod":false,"is_daily":false,"chose_seed":false,"campfire_upgraded":7,"win_rate":0,"timestamp":1643757746,"path_taken":["M","?","M","M","M","R","E","R","T","R","?","M","?","E","R","BOSS","M","M","$","?","M","E","R","M","T","?","R","M","M","M","R","BOSS","M","?","$","?","?","E","R","E","T","?","M","?","E","M","R","BOSS","BOSS","R","$","E","BOSS"],"build_version":"2020-12-22","purchased_purges":1,"victory":true,"max_hp_per_floor":[75,75,75,75,75,75,75,75,75,75,75,75,75,75,75,75,75,75,75,75,75,75,75,75,75,75,80,80,80,80,80,80,80,80,80,80,80,80,80,80,80,80,80,80,80,76,76,76,76,76,76,76,76,76,76,76],"relic_stats":{"Happy Flower":[19],"counters":[31,194],"CeramicFish":144,"Letter Opener":[511],"MawBank":132,"Boot":[0],"Burning Blood":149,"OrangePellets":[23],"Centennial Puzzle":[24],"MealTicket":20,"Pandora\u0027s Box":["Anger","Second Wind","Seeing Red","Intimidate","Impervious","Wild Strike","Barricade"],"Art of War":[22],"obtain_stats":[{"Happy Flower":42,"CeramicFish":23,"Letter Opener":9,"MawBank":26,"Boot":55,"Burning Blood":0,"Du-Vu Doll":7,"OrangePellets":20,"Centennial Puzzle":40,"MealTicket":14,"Pandora\u0027s Box":17,"Red Mask":21,"Art of War":37,"Toy Ornithopter":47,"Runic Pyramid":34},{"Happy Flower":24,"CeramicFish":15,"Letter Opener":5,"MawBank":16,"Boot":30,"Burning Blood":0,"Du-Vu Doll":5,"OrangePellets":12,"Centennial Puzzle":23,"MealTicket":9,"Pandora\u0027s Box":10,"Red Mask":13,"Art of War":21,"Toy Ornithopter":26,"Runic Pyramid":20},{"Happy Flower":137,"CeramicFish":80,"Letter Opener":20,"MawBank":86,"Boot":184,"Burning Blood":0,"Du-Vu Doll":20,"OrangePellets":58,"Centennial Puzzle":130,"MealTicket":36,"Pandora\u0027s Box":46,"Red Mask":62,"Art of War":121,"Toy Ornithopter":151,"Runic Pyramid":113}],"Toy Ornithopter":5},"card_choices":[{"not_picked":["Twin Strike","Seeing Red"],"picked":"Rage","floor":1},{"not_picked":["Headbutt","Fire Breathing"],"picked":"Iron Wave","floor":3},{"not_picked":["Sentinel","Warcry"],"picked":"Shrug It Off","floor":4},{"not_picked":["Armaments","Body Slam"],"picked":"Pommel Strike","floor":5},{"not_picked":["Flame Barrier","Heavy Blade"],"picked":"Disarm","floor":7},{"not_picked":["Sword Boomerang","Iron Wave"],"picked":"True Grit","floor":11},{"not_picked":["Dual Wield","Clothesline","Twin Strike"],"picked":"SKIP","floor":12},{"not_picked":["Cleave","Carnage","Heavy Blade"],"picked":"SKIP","floor":13},{"not_picked":["Heavy Blade","Anger"],"picked":"Fiend Fire","floor":14},{"not_picked":["Brutality","Impervious"],"picked":"Reaper","floor":16},{"not_picked":["Twin Strike","Sentinel"],"picked":"Spot Weakness","floor":18},{"not_picked":["Pommel Strike","Cleave","Perfected Strike"],"picked":"SKIP","floor":19},{"not_picked":["Pommel Strike","Cleave","Perfected Strike"],"picked":"SKIP","floor":19},{"not_picked":["Armaments","Shrug It Off"],"picked":"Warcry+1","floor":21},{"not_picked":["True Grit","Heavy Blade","Pommel Strike"],"picked":"SKIP","floor":22},{"not_picked":["Pummel","Burning Pact","Rupture"],"picked":"SKIP","floor":23},{"not_picked":["Flex","Heavy Blade","Dropkick"],"picked":"SKIP","floor":25},{"not_picked":["Anger","Headbutt"],"picked":"Berserk","floor":29},{"not_picked":["Clash","Wild Strike","Clothesline"],"picked":"SKIP","floor":30},{"not_picked":["Fiend Fire","Juggernaut"],"picked":"Berserk","floor":33},{"not_picked":["Whirlwind","Twin Strike","Warcry"],"picked":"SKIP","floor":35},{"not_picked":["Mayhem","Flash of Steel"],"picked":"Violence","floor":36},{"not_picked":["Panacea","Chrysalis"],"picked":"Thinking Ahead","floor":36},{"not_picked":["Cleave","Wild Strike"],"picked":"Body Slam","floor":39},{"not_picked":["Sword Boomerang","Clothesline","Infernal Blade"],"picked":"SKIP","floor":40},{"not_picked":["Clothesline","Dropkick","Perfected Strike"],"picked":"SKIP","floor":42},{"not_picked":["Perfected Strike+1","Shrug It Off"],"picked":"Metallicize","floor":45},{"not_picked":["Havoc","Rage+1"],"picked":"Entrench","floor":47},{"not_picked":["Fire Breathing","Iron Wave+1"],"picked":"True Grit+1","floor":48},{"not_picked":["Limit Break","Body Slam","Whirlwind"],"picked":"SKIP","floor":55}],"player_experience":6095544,"relics_obtained":[{"floor":7,"key":"Du-Vu Doll"},{"floor":9,"key":"Letter Opener"},{"floor":14,"key":"MealTicket"},{"floor":21,"key":"Red Mask"},{"floor":23,"key":"CeramicFish"},{"floor":26,"key":"MawBank"},{"floor":40,"key":"Centennial Puzzle"},{"floor":42,"key":"Happy Flower"},{"floor":47,"key":"Toy Ornithopter"},{"floor":55,"key":"Boot"}],"event_choices":[{"damage_healed":0,"gold_gain":0,"player_choice":"Upgraded","damage_taken":0,"max_hp_gain":0,"max_hp_loss":0,"event_name":"Upgrade Shrine","floor":2,"gold_loss":0,"cards_upgraded":["Juggernaut"]},{"damage_healed":0,"gold_gain":0,"player_choice":"Fought Bandits","damage_taken":0,"max_hp_gain":0,"max_hp_loss":0,"event_name":"Masked Bandits","floor":21,"gold_loss":0},{"damage_healed":0,"gold_gain":0,"player_choice":"Shed Blood","damage_taken":26,"max_hp_gain":5,"max_hp_loss":0,"event_name":"Forgotten Altar","floor":27,"gold_loss":0},{"damage_healed":0,"gold_gain":0,"player_choice":"Memory 3","damage_taken":10,"max_hp_gain":0,"max_hp_loss":0,"event_name":"SensoryStone","floor":36,"gold_loss":0},{"damage_healed":0,"gold_gain":0,"player_choice":"Cursed","damage_taken":0,"max_hp_gain":0,"max_hp_loss":0,"event_name":"Wheel of Change","floor":38,"gold_loss":0,"cards_obtained":["Decay"]},{"damage_healed":0,"gold_gain":0,"player_choice":"Max HP","damage_taken":0,"max_hp_gain":0,"max_hp_loss":4,"event_name":"Winding Halls","floor":46,"gold_loss":0}],"is_beta":false,"boss_relics":[{"not_picked":["Black Star","Ectoplasm"],"picked":"Pandora\u0027s Box"},{"not_picked":["Snecko Eye","Tiny House"],"picked":"Runic Pyramid"}],"items_purged_floors":[20],"is_endless":false,"potions_floor_spawned":[4,7,11,13,16,19,22,29,39,40,48],"ascension_level":20}