{"gold_per_floor":[118,193,193,58,71,97,115,148,194,469,469,488,527,202,202,285,285,304,324,284,307,22,22],"floor_reached":23,"playtime":1546,"items_purged":["Strike_R","Strike_R"],"score":418,"play_id":"49b7440f-db4c-4667-ae05-8db46ee82422","local_time":"20220201170039","is_ascension_mode":true,"campfire_choices":[{"data":"Inflame","floor":11,"key":"SMITH"},{"data":"Evolve","floor":15,"key":"SMITH"}],"neow_cost":"NONE","seed_source_timestamp":1178422546474500,"circlet_count":0,"master_deck":["AscendersBane","Strike_R","Strike_R","Defend_R","Defend_R","Defend_R","Defend_R","Bash+1","Pommel Strike","Shrug It Off","Anger","Inflame+1","Evolve+1","Pommel Strike","Power Through","Immolate","Thunderclap","Feed","Spot Weakness","Armaments","Havoc+1","Reckless Charge"],"relics":["Burning Blood","Bottled Tornado","Omamori","CeramicFish","Regal Pillow","Cursed Key"],"potions_floor_usage":[6,8,16,16,21,21,23],"damage_taken":[{"damage":7,"enemies":"2 Louse","floor":1,"turns":4},{"damage":2,"enemies":"Jaw Worm","floor":5,"turns":3},{"damage":19,"enemies":"Gremlin Nob","floor":6,"turns":4},{"damage":0,"enemies":"Cultist","floor":7,"turns":2},{"damage":24,"enemies":"3 Sentries","floor":8,"turns":6},{"damage":6,"enemies":"Looter","floor":12,"turns":3},{"damage":12,"enemies":"Lagavulin","floor":13,"turns":7},{"damage":22,"enemies":"Hexaghost","floor":16,"turns":7},{"damage":13,"enemies":"Spheric Guardian","floor":18,"turns":4},{"damage":27,"enemies":"3 Byrds","floor":19,"turns":6},{"damage":2,"enemies":"3 Cultists","floor":21,"turns":4},{"damage":52,"enemies":"Book of Stabbing","floor":23,"turns":3}],"seed_played":"-2718957459802775343","potions_obtained":[{"floor":5,"key":"Block Potion"},{"floor":6,"key":"LiquidBronze"},{"floor":8,"key":"LiquidBronze"},{"floor":20,"key":"LiquidMemories"},{"floor":20,"key":"Dexterity Potion"}],"is_trial":false,"path_per_floor":["M","?","?","$","M","E","M","E","T","?","R","M","E","$","R","B",null,"M","M","?","M","$","E"],"character_chosen":"IRONCLAD","items_purchased":["Shrug It Off","Anger","PowerPotion","Power Through","Immolate","Thunderclap","Reckless Charge","Block Potion","Fire Potion"],"campfire_rested":0,"item_purchase_floors":[4,4,4,14,14,14,22,22,22],"current_hp_per_floor":[67,56,56,56,60,47,53,35,35,35,35,35,29,29,29,13,60,56,38,38,45,45,0],"gold":22,"neow_bonus":"UPGRADE_CARD","is_prod":false,"is_daily":false,"chose_seed":false,"campfire_upgraded":2,"win_rate":0,"timestamp":1643752839,"path_taken":["M","?","?","$","M","E","?","E","T","?","R","?","E","?","R","BOSS","M","M","?","?","$","E"],"build_version":"2020-12-22","purchased_purges":2,"victory":false,"max_hp_per_floor":[75,75,75,75,75,75,75,75,75,75,75,75,75,75,75,75,75,78,81,81,84,84,84],"relic_stats":{"Regal Pillow":0,"counters":[12,53],"CeramicFish":81,"Omamori":1,"Bottled Tornado":"Evolve","Cursed Key":0,"obtain_stats":[{"Regal Pillow":13,"CeramicFish":9,"Omamori":8,"Bottled Tornado":6,"Cursed Key":17,"Burning Blood":0},{"Regal Pillow":7,"CeramicFish":5,"Omamori":5,"Bottled Tornado":3,"Cursed Key":8,"Burning Blood":0},{"Regal Pillow":29,"CeramicFish":19,"Omamori":19,"Bottled Tornado":11,"Cursed Key":36,"Burning Blood":0}],"Burning Blood":66},"card_choices":[{"not_picked":["Clash","Seeing Red"],"picked":"Pommel Strike","floor":1},{"not_picked":["True Grit","Shrug It Off"],"picked":"Inflame","floor":5},{"not_picked":["Dark Embrace","Shrug It Off"],"picked":"Evolve","floor":6},{"not_picked":["Searing Blow","Sword Boomerang","Rupture"],"picked":"SKIP","floor":7},{"not_picked":["Feel No Pain","Sword Boomerang","Thunderclap"],"picked":"SKIP","floor":8},{"not_picked":["Feel No Pain","Sword Boomerang","Thunderclap"],"picked":"SKIP","floor":8},{"not_picked":["Infernal Blade","Burning Pact","True Grit"],"picked":"SKIP","floor":12},{"not_picked":["Flex","Sword Boomerang"],"picked":"Pommel Strike","floor":13},{"not_picked":["Double Tap","Immolate"],"picked":"Feed","floor":16},{"not_picked":["Body Slam+1","Warcry"],"picked":"Spot Weakness","floor":18},{"not_picked":["Heavy Blade","Armaments","True Grit"],"picked":"SKIP","floor":19},{"not_picked":["Heavy Blade","True Grit"],"picked":"Armaments","floor":19},{"not_picked":["Warcry","Body Slam"],"picked":"Havoc+1","floor":21}],"player_experience":6093998,"relics_obtained":[{"floor":6,"key":"Bottled Tornado"},{"floor":8,"key":"Omamori"},{"floor":9,"key":"CeramicFish"},{"floor":13,"key":"Regal Pillow"}],"event_choices":[{"damage_healed":0,"gold_gain":75,"player_choice":"Gather Gold","damage_taken":11,"max_hp_gain":0,"max_hp_loss":0,"event_name":"World of Goop","floor":2,"gold_loss":0},{"cards_removed":["Strike_R"],"damage_healed":0,"gold_gain":0,"player_choice":"Offered Basic","damage_taken":0,"max_hp_gain":0,"max_hp_loss":0,"event_name":"Bonfire Elementals","floor":3,"gold_loss":0},{"damage_healed":0,"gold_gain":275,"player_choice":"Desecrate","damage_taken":0,"max_hp_gain":0,"max_hp_loss":0,"event_name":"Golden Shrine","floor":10,"gold_loss":0,"cards_obtained":["Regret"]},{"damage_healed":0,"gold_gain":0,"player_choice":"Bought 3 Potions","damage_taken":0,"max_hp_gain":0,"max_hp_loss":0,"event_name":"The Woman in Blue","floor":20,"gold_loss":0}],"is_beta":false,"boss_relics":[{"not_picked":["SlaversCollar","Calling Bell"],"picked":"Cursed Key"}],"items_purged_floors":[14,22],"is_endless":false,"potions_floor_spawned":[5,6,7,8],"killed_by":"Book of Stabbing","ascension_level":20}