{"gold_per_floor":[18,32,32,47,58,58,93,93,93,109,109],"floor_reached":11,"playtime":1108,"items_purged":[],"score":150,"play_id":"4f7cfb97-52d2-4d21-8731-1708a36db9e2","local_time":"20220201162014","is_ascension_mode":true,"campfire_choices":[{"data":"Bash","floor":6,"key":"SMITH"},{"data":"Dark Embrace","floor":8,"key":"SMITH"}],"neow_cost":"NO_GOLD","seed_source_timestamp":1176436733464400,"circlet_count":0,"master_deck":["AscendersBane","Strike_R","Strike_R","Defend_R","Defend_R","Defend_R","Defend_R","Bash+1","Inflame","Clothesline","Corruption","Dropkick","Dark Embrace+1","Flame Barrier"],"relics":["Burning Blood","Pen Nib","PreservedInsect"],"potions_floor_usage":[10,10],"damage_taken":[{"damage":7,"enemies":"Cultist","floor":1,"turns":4},{"damage":7,"enemies":"Jaw Worm","floor":2,"turns":6},{"damage":6,"enemies":"Small Slimes","floor":4,"turns":4},{"damage":9,"enemies":"Looter","floor":5,"turns":3},{"damage":10,"enemies":"Lagavulin","floor":7,"turns":6},{"damage":30,"enemies":"Gremlin Gang","floor":10,"turns":4},{"damage":35,"enemies":"Gremlin Nob","floor":11,"turns":3}],"seed_played":"2196693867534115170","potions_obtained":[{"floor":1,"key":"Weak Potion"},{"floor":2,"key":"LiquidMemories"},{"floor":7,"key":"Swift Potion"}],"is_trial":false,"path_per_floor":["M","M","?","M","M","R","E","R","T","M","E"],"character_chosen":"IRONCLAD","items_purchased":[],"campfire_rested":0,"item_purchase_floors":[],"current_hp_per_floor":[67,66,66,66,63,63,59,59,59,35,0],"gold":109,"neow_bonus":"REMOVE_TWO","is_prod":false,"is_daily":false,"chose_seed":false,"campfire_upgraded":2,"win_rate":0,"timestamp":1643750414,"path_taken":["M","M","?","M","M","R","E","R","T","M","E"],"build_version":"2020-12-22","purchased_purges":0,"victory":false,"max_hp_per_floor":[75,75,75,75,75,75,75,75,75,75,75],"relic_stats":{"counters":[7,30],"Pen Nib":[1],"PreservedInsect":22,"obtain_stats":[{"Pen Nib":7,"PreservedInsect":9,"Burning Blood":0},{"Pen Nib":5,"PreservedInsect":5,"Burning Blood":0},{"Pen Nib":23,"PreservedInsect":23,"Burning Blood":0}],"Burning Blood":36},"card_choices":[{"not_picked":["Shockwave","Searing Blow"],"picked":"Inflame","floor":1},{"not_picked":["Perfected Strike","Flame Barrier"],"picked":"Clothesline","floor":2},{"not_picked":["Burning Pact","Thunderclap"],"picked":"Dropkick","floor":4},{"not_picked":["Wild Strike","Havoc","Armaments"],"picked":"SKIP","floor":5},{"not_picked":["True Grit","Anger"],"picked":"Dark Embrace","floor":7},{"not_picked":["Armaments","Burning Pact"],"picked":"Flame Barrier","floor":10}],"player_experience":6092032,"relics_obtained":[{"floor":7,"key":"Pen Nib"},{"floor":9,"key":"PreservedInsect"}],"event_choices":[{"damage_healed":0,"gold_gain":0,"cards_transformed":["Strike_R"],"player_choice":"Change","damage_taken":0,"max_hp_gain":0,"max_hp_loss":0,"event_name":"Living Wall","floor":3,"gold_loss":0,"cards_obtained":["Corruption"]}],"is_beta":false,"boss_relics":[],"items_purged_floors":[],"is_endless":false,"potions_floor_spawned":[1,2,7],"killed_by":"Gremlin Nob","ascension_level":20}