{"gold_per_floor":[117,135,149,162,162,162,193,193,216,227,227,16,44,44,44,44],"floor_reached":16,"playtime":858,"items_purged":[],"score":220,"play_id":"87331d7d-8245-491f-8292-4025cd5b4c91","local_time":"20220201163441","is_ascension_mode":true,"campfire_choices":[{"data":"Combust","floor":6,"key":"SMITH"},{"data":"Uppercut","floor":8,"key":"SMITH"},{"data":"Spot Weakness","floor":11,"key":"SMITH"},{"data":"Apotheosis","floor":15,"key":"SMITH"}],"neow_cost":"NONE","seed_source_timestamp":1177553710499100,"circlet_count":0,"master_deck":["AscendersBane","Strike_R","Strike_R","Strike_R","Strike_R","Strike_R","Defend_R","Defend_R","Defend_R","Defend_R","Bash","Spot Weakness+1","Headbutt","Combust+1","Feel No Pain","Uppercut+1","Limit Break","Apotheosis+1"],"relics":["Burning Blood","Regal Pillow","Bronze Scales","Smiling Mask"],"potions_floor_usage":[7,13],"damage_taken":[{"damage":12,"enemies":"Small Slimes","floor":1,"turns":4},{"damage":7,"enemies":"Cultist","floor":2,"turns":4},{"damage":4,"enemies":"2 Louse","floor":3,"turns":3},{"damage":2,"enemies":"2 Fungi Beasts","floor":4,"turns":2},{"damage":17,"enemies":"3 Sentries","floor":7,"turns":7},{"damage":10,"enemies":"Exordium Wildlife","floor":10,"turns":3},{"damage":8,"enemies":"Lagavulin","floor":13,"turns":7},{"damage":45,"enemies":"The Guardian","floor":16,"turns":7}],"seed_played":"-1240078130409047946","potions_obtained":[{"floor":1,"key":"LiquidMemories"},{"floor":2,"key":"Block Potion"}],"is_trial":false,"path_per_floor":["M","M","M","M","?","R","E","R","T","M","R","$","E","$","R","B"],"character_chosen":"IRONCLAD","items_purchased":["Apotheosis"],"campfire_rested":0,"item_purchase_floors":[12],"current_hp_per_floor":[69,68,70,74,62,62,51,51,51,47,47,47,45,45,45,0],"gold":44,"neow_bonus":"TEN_PERCENT_HP_BONUS","is_prod":false,"is_daily":false,"chose_seed":false,"campfire_upgraded":4,"win_rate":0,"timestamp":1643751281,"path_taken":["M","M","M","M","?","R","E","R","T","M","R","$","E","?","R","BOSS"],"build_version":"2020-12-22","purchased_purges":0,"victory":false,"max_hp_per_floor":[82,82,82,82,82,82,82,82,82,82,82,82,82,82,82,82],"relic_stats":{"Regal Pillow":0,"counters":[8,37],"Bronze Scales":[27],"Smiling Mask":0,"obtain_stats":[{"Regal Pillow":7,"Bronze Scales":9,"Smiling Mask":13,"Burning Blood":0},{"Regal Pillow":5,"Bronze Scales":5,"Smiling Mask":7,"Burning Blood":0},{"Regal Pillow":20,"Bronze Scales":20,"Smiling Mask":30,"Burning Blood":0}],"Burning Blood":42},"card_choices":[{"not_picked":["Second Wind","Shockwave"],"picked":"Spot Weakness","floor":1},{"not_picked":["Anger","True Grit"],"picked":"Headbutt","floor":2},{"not_picked":["Havoc","Heavy Blade"],"picked":"Combust","floor":3},{"not_picked":["Fire Breathing","Spot Weakness"],"picked":"Feel No Pain","floor":4},{"not_picked":["Inflame","Carnage"],"picked":"Uppercut","floor":7},{"not_picked":["Warcry","Shrug It Off"],"picked":"Limit Break","floor":10},{"not_picked":["Uppercut","Anger","Clothesline"],"picked":"SKIP","floor":13}],"player_experience":6093140,"relics_obtained":[{"floor":7,"key":"Regal Pillow"},{"floor":9,"key":"Bronze Scales"},{"floor":13,"key":"Smiling Mask"}],"event_choices":[{"damage_healed":0,"gold_gain":0,"player_choice":"Damaged","damage_taken":12,"max_hp_gain":0,"max_hp_loss":0,"event_name":"Wheel of Change","floor":5,"gold_loss":0}],"is_beta":false,"boss_relics":[],"items_purged_floors":[],"is_endless":false,"potions_floor_spawned":[1,2],"killed_by":"The Guardian","ascension_level":20}