{"gold_per_floor":[118,133,153,168,168,198,198,217,217,217,237,272,272,18,18,111,111,129,129,129,139,158,186,186,221,221,251,267,283,283,299,299,371,371,391,744,763,780,241,273,283,314,314,314,341,341,341,368,368,368,368,368,368,46,75,75],"floor_reached":57,"playtime":8838,"items_purged":["Strike_R"],"score":3105,"play_id":"564fb9d1-1f7e-4f67-bff6-74578d9f138b","local_time":"20220215144747","is_ascension_mode":true,"campfire_choices":[{"data":"Whirlwind","floor":7,"key":"SMITH"},{"data":"Bludgeon","floor":10,"key":"SMITH"},{"data":"Battle Trance","floor":15,"key":"SMITH"},{"data":"Flex","floor":24,"key":"SMITH"},{"floor":30,"key":"REST"},{"floor":32,"key":"RECALL"},{"data":"Echo Form","floor":46,"key":"SMITH"},{"data":"Pommel Strike","floor":49,"key":"SMITH"},{"floor":53,"key":"REST"}],"neow_cost":"NONE","seed_source_timestamp":354956019066000,"circlet_count":0,"master_deck":["AscendersBane","Strike_R","Strike_R","Strike_R","Strike_R","Defend_R","Defend_R","Defend_R","Defend_R","Bash+1","Shrug It Off","Whirlwind+1","Flex+1","Bludgeon+1","Inflame","Shrug It Off","Echo Form+1","Beam Cell","Flash of Steel","Recycle","Apotheosis+1","Headbutt","True Grit+1","Pommel Strike+1","All For One","Flame Barrier+1","Shrug It Off+1","Aggregate+1","Reaper+1","Shrug It Off+1","Dual Wield+1","Parasite","Calculated Gamble+1","Blasphemy+1","Second Wind+1","Skim+1"],"relics":["Burning Blood","Potion Belt","Happy Flower","Singing Bowl","Odd Mushroom","Nunchaku","Bloody Idol","PrismaticShard","SlaversCollar","Sundial","Toxic Egg 2","Bottled Lightning","Vajra","Snecko Eye","Old Coin","Bag of Preparation","Sling","Regal Pillow","Blood Vial","Centennial Puzzle","Whetstone","Toy Ornithopter","StrikeDummy"],"potions_floor_usage":[6,6,11,12,23,25,36,36,38,38,56,56,56,56,56,56],"damage_taken":[{"damage":13,"enemies":"Jaw Worm","floor":1,"turns":5},{"damage":1,"enemies":"Small Slimes","floor":2,"turns":6},{"damage":0,"enemies":"2 Louse","floor":3,"turns":1},{"damage":11,"enemies":"Looter","floor":4,"turns":4},{"damage":13,"enemies":"Lagavulin","floor":6,"turns":7},{"damage":0,"enemies":"Large Slime","floor":8,"turns":4},{"damage":9,"enemies":"The Mushroom Lair","floor":11,"turns":6},{"damage":6,"enemies":"Gremlin Nob","floor":12,"turns":3},{"damage":30,"enemies":"Slime Boss","floor":16,"turns":9},{"damage":25,"enemies":"Spheric Guardian","floor":18,"turns":4},{"damage":15,"enemies":"2 Thieves","floor":21,"turns":4},{"damage":0,"enemies":"Centurion and Healer","floor":22,"turns":5},{"damage":20,"enemies":"Book of Stabbing","floor":23,"turns":3},{"damage":36,"enemies":"Slavers","floor":25,"turns":4},{"damage":16,"enemies":"Book of Stabbing","floor":27,"turns":3},{"damage":10,"enemies":"Snecko","floor":28,"turns":5},{"damage":0,"enemies":"3 Cultists","floor":29,"turns":1},{"damage":0,"enemies":"Centurion and Healer","floor":31,"turns":4},{"damage":35,"enemies":"Collector","floor":33,"turns":5},{"damage":13,"enemies":"3 Shapes","floor":35,"turns":8},{"damage":22,"enemies":"2 Orb Walkers","floor":36,"turns":4},{"damage":11,"enemies":"3 Darklings","floor":37,"turns":5},{"damage":12,"enemies":"Jaw Worm Horde","floor":38,"turns":3},{"damage":0,"enemies":"Giant Head","floor":40,"turns":2},{"damage":50,"enemies":"Writhing Mass","floor":41,"turns":8},{"damage":0,"enemies":"Reptomancer","floor":42,"turns":3},{"damage":16,"enemies":"Nemesis","floor":45,"turns":3},{"damage":9,"enemies":"Reptomancer","floor":48,"turns":2},{"damage":4,"enemies":"Awakened One","floor":50,"turns":7},{"damage":27,"enemies":"Time Eater","floor":51,"turns":4},{"damage":0,"enemies":"Shield and Spear","floor":55,"turns":1},{"damage":83,"enemies":"The Heart","floor":56,"turns":8}],"seed_played":"-5603639906876156839","potions_obtained":[{"floor":1,"key":"Energy Potion"},{"floor":3,"key":"Dexterity Potion"},{"floor":6,"key":"SpeedPotion"},{"floor":8,"key":"Fire Potion"},{"floor":16,"key":"ElixirPotion"},{"floor":23,"key":"PowerPotion"},{"floor":28,"key":"Weak Potion"},{"floor":29,"key":"GamblersBrew"},{"floor":33,"key":"LiquidMemories"},{"floor":36,"key":"EntropicBrew"},{"floor":37,"key":"Block Potion"},{"floor":41,"key":"EssenceOfSteel"},{"floor":42,"key":"Fire Potion"}],"is_trial":false,"path_per_floor":["M","M","M","M","?","E","R","M","T","R","?","E","?","$","R","B",null,"M","?","?","M","M","E","R","E","T","E","M","M","R","M","R","B",null,"M","?","M","M","$","E","M","E","T","?","E","R","?","E","R","B","B",null,"R","$","E","B",null],"character_chosen":"IRONCLAD","items_purchased":["PrismaticShard","DuplicationPotion","Reaper","Bag of Preparation","Sling","Shrug It Off+1","Toy Ornithopter","HeartOfIron","PowerPotion"],"campfire_rested":2,"item_purchase_floors":[14,14,39,39,39,39,54,54,54],"current_hp_per_floor":[61,66,72,67,72,65,65,71,71,71,68,70,70,70,70,46,67,48,48,63,64,74,67,67,42,42,37,38,51,74,78,78,54,72,70,66,66,65,65,80,49,80,80,80,82,82,82,82,82,82,61,77,82,82,82,82],"gold":75,"neow_bonus":"RANDOM_COMMON_RELIC","is_prod":false,"is_daily":false,"chose_seed":false,"campfire_upgraded":6,"win_rate":0,"timestamp":1644954467,"path_taken":["M","M","M","M","?","E","R","M","T","R","?","E","?","$","R","BOSS","M","?","?","M","M","E","R","E","T","E","M","?","R","M","R","BOSS","M","?","M","M","$","E","M","E","T","?","E","R","?","E","R","BOSS","BOSS","R","$","E","BOSS"],"build_version":"2020-12-22","purchased_purges":1,"victory":true,"max_hp_per_floor":[75,75,75,75,80,80,80,80,80,80,80,82,74,74,74,74,74,74,74,74,74,74,76,76,76,76,76,76,78,78,78,78,78,78,78,80,80,80,80,80,80,80,80,80,82,82,82,82,82,82,82,82,82,82,82,82],"relic_stats":{"Regal Pillow":0,"Happy Flower":[39],"Singing Bowl":10,"counters":[32,141],"Bag of Preparation":[18],"Whetstone":["Bash","Reaper"],"Burning Blood":167,"Blood Vial":0,"Nunchaku":[25],"Centennial Puzzle":[12],"Sundial":[10],"Bloody Idol":77,"Snecko Eye":[125,117,134,137,-229],"Bottled Lightning":"Apotheosis","obtain_stats":[{"Potion Belt":0,"Regal Pillow":40,"Happy Flower":6,"Singing Bowl":9,"Golden Idol":13,"Vajra":27,"Bag of Preparation":39,"Whetstone":48,"Odd Mushroom":11,"PrismaticShard":14,"Sling":39,"Burning Blood":0,"Old Coin":36,"Blood Vial":42,"SlaversCollar":17,"Nunchaku":12,"Centennial Puzzle":45,"Sundial":23,"Bloody Idol":19,"Snecko Eye":34,"Bottled Lightning":26,"Toxic Egg 2":25,"StrikeDummy":55,"Toy Ornithopter":54},{"Potion Belt":0,"Regal Pillow":24,"Happy Flower":5,"Singing Bowl":6,"Golden Idol":8,"Vajra":15,"Bag of Preparation":23,"Whetstone":28,"Odd Mushroom":7,"PrismaticShard":8,"Sling":23,"Burning Blood":0,"Old Coin":21,"Blood Vial":26,"SlaversCollar":9,"Nunchaku":8,"Centennial Puzzle":27,"Sundial":13,"Bloody Idol":10,"Snecko Eye":19,"Bottled Lightning":14,"Toxic Egg 2":14,"StrikeDummy":31,"Toy Ornithopter":30},{"Potion Belt":0,"Regal Pillow":105,"Happy Flower":23,"Singing Bowl":27,"Golden Idol":36,"Vajra":68,"Bag of Preparation":103,"Whetstone":121,"Odd Mushroom":33,"PrismaticShard":36,"Sling":103,"Burning Blood":0,"Old Coin":95,"Blood Vial":116,"SlaversCollar":45,"Nunchaku":36,"Centennial Puzzle":119,"Sundial":61,"Bloody Idol":49,"Snecko Eye":83,"Bottled Lightning":65,"Toxic Egg 2":65,"StrikeDummy":133,"Toy Ornithopter":132}],"Toy Ornithopter":23},"card_choices":[{"not_picked":["Infernal Blade","Armaments"],"picked":"Shrug It Off","floor":1},{"not_picked":["Uppercut","Pummel"],"picked":"Whirlwind","floor":2},{"not_picked":["Body Slam","Twin Strike"],"picked":"Flex","floor":3},{"not_picked":["True Grit","Perfected Strike"],"picked":"Bludgeon","floor":4},{"not_picked":["Dropkick","Sword Boomerang"],"picked":"Inflame","floor":6},{"not_picked":["Spot Weakness","Clothesline"],"picked":"Shrug It Off","floor":8},{"not_picked":["Shrug It Off","Entrench"],"picked":"Battle Trance","floor":11},{"not_picked":["Heavy Blade","Carnage","Clash"],"picked":"Singing Bowl","floor":12},{"not_picked":["Feed","Seek"],"picked":"Echo Form","floor":16},{"not_picked":["Entrench","Dodge and Roll+1"],"picked":"Beam Cell","floor":18},{"not_picked":["Consecrate","Clothesline"],"picked":"Flash of Steel","floor":21},{"not_picked":["Pommel Strike","Dagger Throw"],"picked":"Recycle","floor":22},{"not_picked":["Coolheaded","Armaments","Steam"],"picked":"Singing Bowl","floor":23},{"not_picked":["FlyingSleeves","Bloodletting+1"],"picked":"Apotheosis+1","floor":25},{"not_picked":["Dagger Spray","Blizzard"],"picked":"Headbutt","floor":27},{"not_picked":["BattleHymn","Reflex+1"],"picked":"True Grit+1","floor":28},{"not_picked":["Setup+1","Bloodletting+1","Perseverance+1"],"picked":"Singing Bowl","floor":29},{"not_picked":["PathToVictory+1","Compile Driver"],"picked":"Pommel Strike","floor":31},{"not_picked":["Core Surge","Rainbow+1"],"picked":"All For One","floor":33},{"not_picked":["Masterful Stab","Gash+1"],"picked":"Flame Barrier+1","floor":35},{"not_picked":["Rebound","Dagger Spray","EmptyBody+1"],"picked":"Singing Bowl","floor":36},{"not_picked":["Dagger Throw+1","Redo+1"],"picked":"Shrug It Off+1","floor":37},{"not_picked":["PiercingWail+1","Clash+1"],"picked":"Aggregate+1","floor":38},{"not_picked":["Cloak And Dagger+1","Streamline+1"],"picked":"Dual Wield+1","floor":40},{"not_picked":["Berserk","Gash"],"picked":"Calculated Gamble+1","floor":41},{"not_picked":["Beam Cell","EmptyBody+1"],"picked":"Blasphemy+1","floor":42},{"not_picked":["Steam Power+1","Fusion+1","CutThroughFate"],"picked":"Singing Bowl","floor":45},{"not_picked":["PathToVictory+1","Self Repair"],"picked":"Second Wind+1","floor":48},{"not_picked":["Stack+1","Acrobatics+1"],"picked":"Skim+1","floor":55}],"player_experience":6253439,"relics_obtained":[{"floor":6,"key":"Happy Flower"},{"floor":9,"key":"Singing Bowl"},{"floor":11,"key":"Odd Mushroom"},{"floor":12,"key":"Nunchaku"},{"floor":23,"key":"Sundial"},{"floor":25,"key":"Toxic Egg 2"},{"floor":26,"key":"Bottled Lightning"},{"floor":27,"key":"Vajra"},{"floor":36,"key":"Old Coin"},{"floor":40,"key":"Regal Pillow"},{"floor":42,"key":"Blood Vial"},{"floor":45,"key":"Centennial Puzzle"},{"floor":48,"key":"Whetstone"},{"floor":55,"key":"StrikeDummy"}],"event_choices":[{"damage_healed":0,"gold_gain":0,"player_choice":"Donut","damage_taken":0,"max_hp_gain":5,"max_hp_loss":0,"event_name":"Big Fish","floor":5,"gold_loss":0},{"damage_healed":0,"gold_gain":0,"player_choice":"Fought Mushrooms","damage_taken":0,"max_hp_gain":0,"max_hp_loss":0,"event_name":"Mushrooms","floor":11,"gold_loss":0},{"damage_healed":0,"gold_gain":0,"player_choice":"Lose Max HP","damage_taken":0,"relics_obtained":["Golden Idol"],"max_hp_gain":0,"max_hp_loss":8,"event_name":"Golden Idol","floor":13,"gold_loss":0},{"damage_healed":0,"gold_gain":0,"player_choice":"Gave Idol","damage_taken":0,"relics_obtained":["Bloody Idol"],"max_hp_gain":0,"max_hp_loss":0,"event_name":"Forgotten Altar","floor":19,"relics_lost":["Golden Idol"],"gold_loss":0},{"damage_healed":15,"gold_gain":0,"player_choice":"Heal","damage_taken":0,"max_hp_gain":0,"max_hp_loss":0,"event_name":"The Library","floor":20,"gold_loss":0},{"damage_healed":0,"gold_gain":0,"player_choice":"Fight","damage_taken":0,"max_hp_gain":0,"max_hp_loss":0,"event_name":"Mysterious Sphere","floor":36,"gold_loss":0},{"cards_removed":["Battle Trance"],"damage_healed":0,"gold_gain":0,"player_choice":"Removed Skill","damage_taken":0,"max_hp_gain":0,"max_hp_loss":0,"event_name":"Falling","floor":44,"gold_loss":0},{"damage_healed":0,"gold_gain":0,"player_choice":"Ignored","damage_taken":0,"max_hp_gain":0,"max_hp_loss":0,"event_name":"Tomb of Lord Red Mask","floor":47,"gold_loss":0}],"is_beta":false,"boss_relics":[{"not_picked":["Ectoplasm","Velvet Choker"],"picked":"SlaversCollar"},{"not_picked":["Coffee Dripper","Black Star"],"picked":"Snecko Eye"}],"items_purged_floors":[39],"is_endless":false,"potions_floor_spawned":[1,3,6,8,16,23,28,29,33,36,37,41,42],"ascension_level":20}