{"gold_per_floor":[110,126,138,213,213,213,239,239,239,239,273,33,52,52,52,126,126,140,140,140,158,176,210,210,227,280,299,299,316,332,367,367,448,448,464,493,521,530,546,546,585,585,585,629,629,664,664,682,682,682],"floor_reached":50,"playtime":6240,"items_purged":["Defend_R"],"score":1164,"play_id":"ee6854a3-e0e6-41de-bee1-d6baf422d0bc","local_time":"20220210160404","is_ascension_mode":true,"campfire_choices":[{"data":"Blood for Blood","floor":6,"key":"SMITH"},{"data":"Inflame","floor":8,"key":"SMITH"},{"data":"Iron Wave","floor":10,"key":"SMITH"},{"data":"Whirlwind","floor":15,"key":"SMITH"},{"data":"Corruption","floor":24,"key":"SMITH"},{"floor":28,"key":"REST"},{"floor":32,"key":"REST"},{"data":"Pommel Strike","floor":40,"key":"SMITH"},{"data":"Offering","floor":42,"key":"SMITH"},{"floor":45,"key":"REST"},{"floor":49,"key":"RECALL"}],"neow_cost":"TEN_PERCENT_HP_LOSS","seed_source_timestamp":1947920892380500,"circlet_count":0,"master_deck":["AscendersBane","Strike_R","Strike_R","Defend_R","Defend_R","Defend_R","Bash","Blood for Blood+1","Thunderclap","Inflame+1","Iron Wave+1","Whirlwind+1","Shrug It Off","Metallicize","Brutality","Shrug It Off+1","Corruption+1","Pommel Strike+1","Battle Trance","Offering+1","Bloodletting","Shrug It Off","Chrysalis","Second Wind+1","Headbutt","Clothesline+1"],"relics":["Black Blood","Mango","Pantograph","Strawberry","Ornamental Fan","Red Skull","Nilry\u0027s Codex","CeramicFish","Anchor","Bird Faced Urn","Empty Cage","Vajra","Art of War","FossilizedHelix"],"potions_floor_usage":[7,21,23,27,33,39,44,44,50],"damage_taken":[{"damage":2,"enemies":"2 Louse","floor":1,"turns":3},{"damage":14,"enemies":"Jaw Worm","floor":2,"turns":4},{"damage":6,"enemies":"Cultist","floor":3,"turns":3},{"damage":20,"enemies":"3 Sentries","floor":7,"turns":8},{"damage":18,"enemies":"Lagavulin","floor":11,"turns":6},{"damage":21,"enemies":"Exordium Thugs","floor":13,"turns":3},{"damage":16,"enemies":"Hexaghost","floor":16,"turns":6},{"damage":21,"enemies":"Spheric Guardian","floor":18,"turns":4},{"damage":0,"enemies":"3 Byrds","floor":21,"turns":2},{"damage":32,"enemies":"Sentry and Sphere","floor":22,"turns":5},{"damage":20,"enemies":"Book of Stabbing","floor":23,"turns":4},{"damage":23,"enemies":"Snecko","floor":25,"turns":4},{"damage":11,"enemies":"Chosen and Byrds","floor":27,"turns":7},{"damage":21,"enemies":"Sentry and Sphere","floor":29,"turns":5},{"damage":3,"enemies":"Cultist and Chosen","floor":30,"turns":5},{"damage":33,"enemies":"Gremlin Leader","floor":31,"turns":5},{"damage":63,"enemies":"Collector","floor":33,"turns":7},{"damage":27,"enemies":"3 Darklings","floor":35,"turns":7},{"damage":16,"enemies":"3 Shapes","floor":36,"turns":6},{"damage":33,"enemies":"Writhing Mass","floor":37,"turns":8},{"damage":19,"enemies":"Transient","floor":39,"turns":6},{"damage":18,"enemies":"Giant Head","floor":41,"turns":7},{"damage":50,"enemies":"Nemesis","floor":44,"turns":9},{"damage":40,"enemies":"Reptomancer","floor":46,"turns":5},{"damage":31,"enemies":"Spire Growth","floor":48,"turns":5},{"damage":57,"enemies":"Awakened One","floor":50,"turns":5}],"seed_played":"-793639149220090324","potions_obtained":[{"floor":1,"key":"EssenceOfSteel"},{"floor":11,"key":"GamblersBrew"},{"floor":16,"key":"Weak Potion"},{"floor":18,"key":"Energy Potion"},{"floor":25,"key":"LiquidMemories"},{"floor":29,"key":"Strength Potion"},{"floor":30,"key":"Energy Potion"},{"floor":35,"key":"GamblersBrew"},{"floor":39,"key":"SteroidPotion"},{"floor":46,"key":"Explosive Potion"},{"floor":48,"key":"SpeedPotion"}],"is_trial":false,"path_per_floor":["M","M","M","?","?","R","E","R","T","R","E","$","M","?","R","B",null,"M","?","?","M","M","E","R","M","T","M","R","M","M","E","R","B",null,"M","M","M","?","M","R","E","R","T","E","R","E","?","M","R","B"],"character_chosen":"IRONCLAD","items_purchased":["Red Skull"],"campfire_rested":3,"item_purchase_floors":[12],"current_hp_per_floor":[82,74,74,63,63,63,49,49,56,56,44,44,29,29,29,44,78,69,48,43,55,35,27,27,16,16,17,43,34,43,22,48,28,74,71,77,68,58,57,57,61,61,61,33,59,37,37,24,24,0],"gold":682,"neow_bonus":"ONE_RARE_RELIC","is_prod":false,"is_daily":false,"chose_seed":false,"campfire_upgraded":7,"win_rate":0,"timestamp":1644527044,"path_taken":["M","M","M","?","?","R","E","R","T","R","E","?","M","?","R","BOSS","M","?","?","M","M","E","R","M","T","?","R","M","M","E","R","BOSS","M","M","M","?","M","R","E","R","T","E","R","E","?","M","R","BOSS"],"build_version":"2020-12-22","purchased_purges":1,"victory":false,"max_hp_per_floor":[82,82,82,82,82,82,82,82,89,89,89,89,89,89,89,89,89,89,89,89,89,89,89,89,89,89,89,89,89,89,89,89,89,89,89,89,89,89,89,89,89,89,89,89,89,89,89,89,89,89],"relic_stats":{"counters":[26,139],"Ornamental Fan":[140],"Nilry\u0027s Codex":[12,42,15,17],"Pantograph":75,"CeramicFish":90,"Bird Faced Urn":[84],"Black Blood":254,"Art of War":[2],"obtain_stats":[{"Nilry\u0027s Codex":19,"CeramicFish":23,"Black Blood":17,"Vajra":41,"Mango":0,"Empty Cage":34,"Burning Blood":0,"Anchor":26,"Ornamental Fan":11,"Pantograph":7,"Strawberry":9,"Bird Faced Urn":31,"Art of War":44,"Red Skull":12,"FossilizedHelix":46},{"Nilry\u0027s Codex":8,"CeramicFish":11,"Black Blood":7,"Vajra":22,"Mango":0,"Empty Cage":17,"Burning Blood":0,"Anchor":12,"Ornamental Fan":5,"Pantograph":4,"Strawberry":4,"Bird Faced Urn":16,"Art of War":23,"Red Skull":5,"FossilizedHelix":24},{"Nilry\u0027s Codex":37,"CeramicFish":48,"Black Blood":33,"Vajra":115,"Mango":0,"Empty Cage":81,"Burning Blood":0,"Anchor":52,"Ornamental Fan":24,"Pantograph":18,"Strawberry":18,"Bird Faced Urn":74,"Art of War":124,"Red Skull":24,"FossilizedHelix":129}],"FossilizedHelix":[44]},"card_choices":[{"not_picked":["Disarm","Pommel Strike"],"picked":"Blood for Blood","floor":1},{"not_picked":["Feel No Pain","Clothesline"],"picked":"Thunderclap","floor":2},{"not_picked":["Flex","Body Slam"],"picked":"Inflame","floor":3},{"not_picked":["Armaments","Infernal Blade"],"picked":"Iron Wave","floor":7},{"not_picked":["Impervious","Flex"],"picked":"Whirlwind","floor":11},{"not_picked":["Entrench","Havoc"],"picked":"Shrug It Off","floor":13},{"not_picked":["Fiend Fire","Juggernaut"],"picked":"Brutality","floor":16},{"not_picked":["Dual Wield","Sword Boomerang"],"picked":"Shrug It Off+1","floor":18},{"not_picked":["Body Slam","Rage","Heavy Blade"],"picked":"SKIP","floor":21},{"not_picked":["Flame Barrier","Wild Strike","Clothesline"],"picked":"SKIP","floor":22},{"not_picked":["Flame Barrier","Wild Strike","Clothesline"],"picked":"SKIP","floor":22},{"not_picked":["Feed","Headbutt"],"picked":"Corruption","floor":23},{"not_picked":["Twin Strike","Clothesline","Warcry"],"picked":"SKIP","floor":25},{"not_picked":["Twin Strike","Clothesline","Warcry"],"picked":"SKIP","floor":25},{"not_picked":["Wild Strike","Power Through"],"picked":"Pommel Strike","floor":27},{"not_picked":["Heavy Blade","Wild Strike","Perfected Strike"],"picked":"SKIP","floor":29},{"not_picked":["Clash+1","Wild Strike","Corruption"],"picked":"SKIP","floor":30},{"not_picked":["Clash+1","Wild Strike","Corruption"],"picked":"SKIP","floor":30},{"not_picked":["Pommel Strike","Body Slam"],"picked":"Battle Trance","floor":31},{"not_picked":["Reaper","Exhume"],"picked":"Offering","floor":33},{"not_picked":["Havoc","Clash+1","Infernal Blade"],"picked":"SKIP","floor":35},{"not_picked":["Cleave+1","Thunderclap+1"],"picked":"Bloodletting","floor":36},{"not_picked":["Metallicize","Perfected Strike"],"picked":"Shrug It Off","floor":37},{"not_picked":["Flash of Steel","Jack Of All Trades"],"picked":"Chrysalis","floor":38},{"not_picked":["Body Slam","Clothesline","Havoc"],"picked":"SKIP","floor":39},{"not_picked":["Body Slam","Clothesline","Havoc"],"picked":"SKIP","floor":39},{"not_picked":["Corruption","Cleave"],"picked":"Second Wind+1","floor":41},{"not_picked":["Dropkick","Cleave"],"picked":"Headbutt","floor":44},{"not_picked":["Infernal Blade","Bloodletting"],"picked":"Clothesline+1","floor":46},{"not_picked":["Clothesline","Warcry","Clash"],"picked":"SKIP","floor":48}],"player_experience":6205034,"relics_obtained":[{"floor":7,"key":"Pantograph"},{"floor":9,"key":"Strawberry"},{"floor":11,"key":"Ornamental Fan"},{"floor":19,"key":"Nilry\u0027s Codex"},{"floor":23,"key":"CeramicFish"},{"floor":26,"key":"Anchor"},{"floor":31,"key":"Bird Faced Urn"},{"floor":41,"key":"Vajra"},{"floor":44,"key":"Art of War"},{"floor":46,"key":"FossilizedHelix"}],"event_choices":[{"damage_healed":0,"gold_gain":75,"player_choice":"Gather Gold","damage_taken":11,"max_hp_gain":0,"max_hp_loss":0,"event_name":"World of Goop","floor":4,"gold_loss":0},{"damage_healed":0,"gold_gain":0,"player_choice":"Ignored","damage_taken":0,"max_hp_gain":0,"max_hp_loss":0,"event_name":"Liars Game","floor":5,"gold_loss":0},{"damage_healed":0,"gold_gain":0,"cards_transformed":["Strike_R"],"player_choice":"Change","damage_taken":0,"max_hp_gain":0,"max_hp_loss":0,"event_name":"Living Wall","floor":14,"gold_loss":0,"cards_obtained":["Metallicize"]},{"damage_healed":0,"gold_gain":0,"player_choice":"Obtained Book","damage_taken":21,"max_hp_gain":0,"max_hp_loss":0,"event_name":"Cursed Tome","floor":19,"gold_loss":0},{"damage_healed":0,"gold_gain":0,"player_choice":"Bought 0 Potions","damage_taken":0,"max_hp_gain":0,"max_hp_loss":0,"event_name":"The Woman in Blue","floor":20,"gold_loss":0},{"damage_healed":0,"gold_gain":0,"player_choice":"Memory 3","damage_taken":10,"max_hp_gain":0,"max_hp_loss":0,"event_name":"SensoryStone","floor":38,"gold_loss":0},{"damage_healed":0,"gold_gain":0,"player_choice":"Ignored","damage_taken":0,"max_hp_gain":0,"max_hp_loss":0,"event_name":"Mysterious Sphere","floor":47,"gold_loss":0}],"is_beta":false,"boss_relics":[{"not_picked":["SacredBark","Tiny House"],"picked":"Black Blood"},{"not_picked":["Mark of Pain","Philosopher\u0027s Stone"],"picked":"Empty Cage"}],"items_purged_floors":[12],"is_endless":false,"potions_floor_spawned":[1,11,16,18,25,29,30,35,39,46,48],"killed_by":"Awakened One","ascension_level":20}