{"gold_per_floor":[109,119,119,4,4,4,18,62,62,101,101,126,147,166,166,255,255,274,274,274,123,148,148,179,179,232,232,48,79,97,12,12,102,102,118,134,134,149,163,194,194,194,194,144,209,209,229,260,260,260,260,260,260,47,83,83],"floor_reached":57,"playtime":4965,"items_purged":["Writhe","Strike_R"],"score":2787,"play_id":"5ec400cb-c905-43da-befa-cc8e36846658","local_time":"20220208190531","is_ascension_mode":true,"campfire_choices":[{"data":"Cleave","floor":6,"key":"SMITH"},{"data":"Uppercut","floor":11,"key":"SMITH"},{"data":"Intimidate","floor":15,"key":"SMITH"},{"data":"Evolve","floor":23,"key":"SMITH"},{"data":"Fire Breathing","floor":25,"key":"SMITH"},{"data":"Twin Strike","floor":27,"key":"SMITH"},{"data":"Corruption","floor":32,"key":"SMITH"},{"floor":41,"key":"RECALL"},{"data":"1","floor":46,"key":"LIFT"},{"floor":49,"key":"REST"},{"data":"Body Slam","floor":53,"key":"SMITH"}],"neow_cost":"NONE","seed_source_timestamp":1787255618208600,"circlet_count":0,"master_deck":["AscendersBane","Strike_R","Strike_R","Strike_R","Defend_R","Defend_R","Defend_R","Defend_R+1","Bash","Cleave+1","Twin Strike+1","Shrug It Off","Uppercut+1","Intimidate+1","Impervious","Fire Breathing+1","Intimidate","Corruption+1","Evolve+1","Twin Strike+1","Flame Barrier","Dark Embrace","Feed","Shrug It Off","Pommel Strike+1","Parasite","Burning Pact+1","Exhume","Shrug It Off","Body Slam+1","Dark Embrace","Disarm+1","Dual Wield+1","Rage+1"],"relics":["Burning Blood","Golden Idol","InkBottle","StrikeDummy","Darkstone Periapt","Odd Mushroom","Mark of Pain","Vajra","Centennial Puzzle","Pocketwatch","MealTicket","SlaversCollar","Blue Candle","Paper Frog","Girya","Toxic Egg 2","Oddly Smooth Stone"],"potions_floor_usage":[8,16,22,29,36,39,40,45,56,56],"damage_taken":[{"damage":15,"enemies":"Small Slimes","floor":1,"turns":6},{"damage":1,"enemies":"2 Louse","floor":2,"turns":2},{"damage":0,"enemies":"Cultist","floor":7,"turns":3},{"damage":14,"enemies":"3 Sentries","floor":8,"turns":6},{"damage":24,"enemies":"Gremlin Nob","floor":10,"turns":4},{"damage":12,"enemies":"The Mushroom Lair","floor":12,"turns":5},{"damage":0,"enemies":"Exordium Wildlife","floor":13,"turns":3},{"damage":0,"enemies":"2 Fungi Beasts","floor":14,"turns":2},{"damage":0,"enemies":"Slime Boss","floor":16,"turns":6},{"damage":13,"enemies":"Spheric Guardian","floor":18,"turns":4},{"damage":0,"enemies":"3 Byrds","floor":22,"turns":4},{"damage":25,"enemies":"Slavers","floor":24,"turns":4},{"damage":7,"enemies":"Book of Stabbing","floor":29,"turns":4},{"damage":1,"enemies":"Centurion and Healer","floor":30,"turns":5},{"damage":8,"enemies":"Automaton","floor":33,"turns":9},{"damage":4,"enemies":"3 Shapes","floor":35,"turns":4},{"damage":6,"enemies":"3 Darklings","floor":36,"turns":5},{"damage":11,"enemies":"Writhing Mass","floor":38,"turns":8},{"damage":9,"enemies":"Spire Growth","floor":39,"turns":5},{"damage":25,"enemies":"Giant Head","floor":40,"turns":6},{"damage":41,"enemies":"2 Orb Walkers","floor":45,"turns":5},{"damage":1,"enemies":"Maw","floor":47,"turns":6},{"damage":52,"enemies":"Reptomancer","floor":48,"turns":6},{"damage":16,"enemies":"Time Eater","floor":50,"turns":8},{"damage":17,"enemies":"Donu and Deca","floor":51,"turns":5},{"damage":2,"enemies":"Shield and Spear","floor":55,"turns":4},{"damage":42,"enemies":"The Heart","floor":56,"turns":8}],"seed_played":"-3346952378938631326","potions_obtained":[{"floor":8,"key":"Dexterity Potion"},{"floor":14,"key":"DuplicationPotion"},{"floor":20,"key":"SkillPotion"},{"floor":20,"key":"FearPotion"},{"floor":22,"key":"Explosive Potion"},{"floor":33,"key":"GamblersBrew"},{"floor":38,"key":"ElixirPotion"},{"floor":39,"key":"AttackPotion"},{"floor":40,"key":"Weak Potion"}],"is_trial":false,"path_per_floor":["M","M","?","$","?","R","M","E","T","E","R","?","M","M","R","B",null,"M","?","?","$","M","R","E","R","T","R","$","E","M","?","R","B",null,"M","M","?","M","M","E","R","$","T","$","?","R","M","E","R","B","B",null,"R","$","E","B",null],"character_chosen":"IRONCLAD","items_purchased":["Shrug It Off","Fire Potion","Evolve","Flame Barrier","Shrug It Off","Disarm+1","Dual Wield+1","Dexterity Potion"],"campfire_rested":1,"item_purchase_floors":[4,4,21,28,44,54,54,54],"current_hp_per_floor":[59,64,64,64,44,44,50,42,42,24,24,18,24,30,30,36,60,53,59,59,59,65,65,46,46,46,46,46,45,50,50,50,48,68,73,73,73,77,77,61,61,76,76,88,53,53,61,15,42,32,24,77,77,92,94,61],"gold":83,"neow_bonus":"REMOVE_CARD","is_prod":false,"is_daily":false,"chose_seed":false,"campfire_upgraded":8,"win_rate":0,"timestamp":1644365131,"path_taken":["M","M","?","$","?","R","M","E","T","E","R","?","M","M","R","BOSS","M","?","?","$","?","R","E","R","T","R","$","E","M","?","R","BOSS","M","M","?","M","M","E","R","$","T","$","?","R","M","E","R","BOSS","BOSS","R","$","E","BOSS"],"build_version":"2020-12-22","purchased_purges":2,"victory":true,"max_hp_per_floor":[75,75,68,68,68,68,68,68,68,68,68,68,68,68,68,68,68,68,74,74,74,74,74,74,74,74,74,74,74,74,74,74,74,74,77,77,73,82,85,88,88,88,88,88,88,88,91,91,91,91,94,94,94,94,94,97],"relic_stats":{"Darkstone Periapt":12,"Girya":1,"Centennial Puzzle":[45],"counters":[27,137],"Golden Idol":199,"Blue Candle":[7],"MealTicket":42,"obtain_stats":[{"Darkstone Periapt":10,"Girya":45,"Golden Idol":3,"Blue Candle":40,"Vajra":19,"Oddly Smooth Stone":55,"Odd Mushroom":12,"Burning Blood":0,"SlaversCollar":34,"Centennial Puzzle":24,"MealTicket":31,"Mark of Pain":17,"Toxic Egg 2":48,"StrikeDummy":9,"InkBottle":8,"Pocketwatch":29,"Paper Frog":43},{"Darkstone Periapt":5,"Girya":21,"Golden Idol":2,"Blue Candle":20,"Vajra":10,"Oddly Smooth Stone":26,"Odd Mushroom":6,"Burning Blood":0,"SlaversCollar":15,"Centennial Puzzle":12,"MealTicket":14,"Mark of Pain":9,"Toxic Egg 2":23,"StrikeDummy":4,"InkBottle":4,"Pocketwatch":13,"Paper Frog":20},{"Darkstone Periapt":21,"Girya":100,"Golden Idol":8,"Blue Candle":95,"Vajra":41,"Oddly Smooth Stone":129,"Odd Mushroom":26,"Burning Blood":0,"SlaversCollar":67,"Centennial Puzzle":49,"MealTicket":58,"Mark of Pain":37,"Toxic Egg 2":112,"StrikeDummy":17,"InkBottle":17,"Pocketwatch":53,"Paper Frog":95}],"Burning Blood":160,"InkBottle":[45],"Pocketwatch":[84]},"card_choices":[{"not_picked":["Pommel Strike","Armaments"],"picked":"Cleave","floor":1},{"not_picked":["Entrench","Armaments"],"picked":"Twin Strike","floor":2},{"not_picked":["Heavy Blade","Armaments","Perfected Strike"],"picked":"SKIP","floor":7},{"not_picked":["Feel No Pain","Bloodletting"],"picked":"Uppercut","floor":8},{"not_picked":["Reckless Charge","Clothesline"],"picked":"Intimidate","floor":10},{"not_picked":["Flex","Uppercut"],"picked":"Impervious","floor":12},{"not_picked":["Wild Strike","Armaments"],"picked":"Fire Breathing","floor":13},{"not_picked":["Carnage","Wild Strike"],"picked":"Intimidate","floor":14},{"not_picked":["Bludgeon","Reaper"],"picked":"Corruption","floor":16},{"not_picked":["Anger","Wild Strike","Body Slam"],"picked":"SKIP","floor":18},{"not_picked":["Thunderclap","Twin Strike","Second Wind"],"picked":"SKIP","floor":22},{"not_picked":["Seeing Red","Havoc"],"picked":"Twin Strike","floor":24},{"not_picked":["Twin Strike","Pommel Strike"],"picked":"Dark Embrace","floor":29},{"not_picked":["Metallicize","Pommel Strike","Sword Boomerang"],"picked":"SKIP","floor":30},{"not_picked":["Berserk","Impervious"],"picked":"Feed","floor":33},{"not_picked":["Pummel","Headbutt"],"picked":"Shrug It Off","floor":35},{"not_picked":["Flex","Rampage"],"picked":"Pommel Strike+1","floor":36},{"not_picked":["Flex","Combust"],"picked":"Burning Pact+1","floor":38},{"not_picked":["Uppercut","Dark Embrace","Heavy Blade"],"picked":"SKIP","floor":39},{"not_picked":["Perfected Strike+1","Wild Strike"],"picked":"Exhume","floor":40},{"not_picked":["Shrug It Off","Clash"],"picked":"Body Slam","floor":47},{"not_picked":["Sword Boomerang+1","Iron Wave"],"picked":"Dark Embrace","floor":48},{"not_picked":["Cleave","Sentinel+1"],"picked":"Rage+1","floor":55}],"player_experience":6168469,"relics_obtained":[{"floor":8,"key":"InkBottle"},{"floor":9,"key":"StrikeDummy"},{"floor":10,"key":"Darkstone Periapt"},{"floor":12,"key":"Odd Mushroom"},{"floor":24,"key":"Centennial Puzzle"},{"floor":29,"key":"Pocketwatch"},{"floor":40,"key":"Blue Candle"},{"floor":43,"key":"Paper Frog"},{"floor":45,"key":"Girya"},{"floor":48,"key":"Toxic Egg 2"},{"floor":55,"key":"Oddly Smooth Stone"}],"event_choices":[{"damage_healed":0,"gold_gain":0,"player_choice":"Lose Max HP","damage_taken":0,"relics_obtained":["Golden Idol"],"max_hp_gain":0,"max_hp_loss":7,"event_name":"Golden Idol","floor":3,"gold_loss":0},{"damage_healed":0,"gold_gain":0,"player_choice":"Entered Light","damage_taken":20,"max_hp_gain":0,"max_hp_loss":0,"event_name":"Shining Light","floor":5,"gold_loss":0,"cards_upgraded":["Twin Strike","Defend_R"]},{"damage_healed":0,"gold_gain":0,"player_choice":"Fought Mushrooms","damage_taken":0,"max_hp_gain":0,"max_hp_loss":0,"event_name":"Mushrooms","floor":12,"gold_loss":0},{"damage_healed":0,"gold_gain":0,"player_choice":"Opened","damage_taken":0,"relics_obtained":["Vajra"],"max_hp_gain":0,"max_hp_loss":0,"event_name":"The Mausoleum","floor":19,"gold_loss":0,"cards_obtained":["Writhe"]},{"damage_healed":0,"gold_gain":0,"player_choice":"Got Potions","damage_taken":0,"max_hp_gain":0,"max_hp_loss":0,"event_name":"Lab","floor":20,"gold_loss":0},{"damage_healed":0,"gold_gain":0,"player_choice":"Obtained Relic","damage_taken":0,"relics_obtained":["MealTicket"],"max_hp_gain":0,"max_hp_loss":0,"event_name":"Addict","floor":31,"gold_loss":85},{"damage_healed":0,"gold_gain":0,"player_choice":"Max HP","damage_taken":0,"max_hp_gain":0,"max_hp_loss":4,"event_name":"Winding Halls","floor":37,"gold_loss":0},{"damage_healed":0,"gold_gain":0,"player_choice":"Fight","damage_taken":0,"max_hp_gain":0,"max_hp_loss":0,"event_name":"Mysterious Sphere","floor":45,"gold_loss":0}],"is_beta":false,"boss_relics":[{"not_picked":["Sozu","Ectoplasm"],"picked":"Mark of Pain"},{"not_picked":["Runic Pyramid","Busted Crown"],"picked":"SlaversCollar"}],"items_purged_floors":[21,28],"is_endless":false,"potions_floor_spawned":[8,14,22,24,33,38,39,40],"ascension_level":20}