{"gold_per_floor":[117,143,68,68,86,112,112,139,191,220,233,233,233,248,248,346,346,367,11,36,50,50,50,88,2,29,69,69,85,121,136,136,230,230,245,54,54,78,92,435,479,479,503,547,568,568,608,649,649,649,649,649,649,141,174,174],"floor_reached":57,"playtime":5334,"items_purged":["Defend_R","Strike_R","Rampage","Bash"],"score":3277,"play_id":"9f504e6a-0210-451e-ab67-ffbc6f74d5d2","local_time":"20220210174420","is_ascension_mode":true,"campfire_choices":[{"data":"Uppercut","floor":7,"key":"SMITH"},{"data":"Carnage","floor":12,"key":"SMITH"},{"data":"True Grit","floor":15,"key":"SMITH"},{"data":"Pummel","floor":23,"key":"SMITH"},{"data":"Spot Weakness","floor":28,"key":"SMITH"},{"data":"Limit Break","floor":32,"key":"SMITH"},{"floor":42,"key":"RECALL"},{"data":"Flex","floor":46,"key":"SMITH"},{"data":"Seeing Red","floor":49,"key":"SMITH"},{"data":"Bloodletting","floor":53,"key":"SMITH"}],"neow_cost":"NONE","seed_source_timestamp":1954817878353700,"circlet_count":0,"master_deck":["AscendersBane","Flex+1","Uppercut+1","Carnage+1","True Grit+1","Shrug It Off","Immolate","Seeing Red+1","Spot Weakness+1","Pummel+1","Intimidate+1","Reaper","Dark Shackles","Shrug It Off+1","Limit Break+1","Reaper","Sever Soul","Ghostly Armor","Juggernaut","Fiend Fire","Bloodletting+1","Whirlwind","Headbutt","PanicButton+1","Battle Trance","Body Slam+1","Dark Embrace+1","Shockwave","Pummel+1","Offering+1","Dark Shackles+1","True Grit+1","Sentinel+1"],"relics":["Burning Blood","NeowsBlessing","Toy Ornithopter","Mummified Hand","Pen Nib","Smiling Mask","Golden Idol","Runic Pyramid","Membership Card","Akabeko","PreservedInsect","Bronze Scales","InkBottle","WingedGreaves","Pandora\u0027s Box","Lantern","Old Coin","Molten Egg 2","Magic Flower","Pear","Toxic Egg 2","CaptainsWheel","Vajra","Sling","TungstenRod"],"potions_floor_usage":[16,24,39,44,56,56],"damage_taken":[{"damage":0,"enemies":"Cultist","floor":1,"turns":1},{"damage":0,"enemies":"Small Slimes","floor":5,"turns":1},{"damage":0,"enemies":"3 Sentries","floor":6,"turns":2},{"damage":30,"enemies":"Lagavulin","floor":8,"turns":7},{"damage":25,"enemies":"3 Sentries","floor":10,"turns":5},{"damage":0,"enemies":"2 Louse","floor":11,"turns":3},{"damage":6,"enemies":"Exordium Thugs","floor":14,"turns":4},{"damage":28,"enemies":"Slime Boss","floor":16,"turns":8},{"damage":0,"enemies":"Chosen","floor":18,"turns":3},{"damage":16,"enemies":"2 Thieves","floor":20,"turns":3},{"damage":4,"enemies":"Centurion and Healer","floor":21,"turns":7},{"damage":20,"enemies":"Slavers","floor":24,"turns":5},{"damage":0,"enemies":"Gremlin Leader","floor":27,"turns":3},{"damage":13,"enemies":"Snecko","floor":29,"turns":4},{"damage":0,"enemies":"Slavers","floor":30,"turns":1},{"damage":5,"enemies":"3 Cultists","floor":31,"turns":4},{"damage":39,"enemies":"Champ","floor":33,"turns":10},{"damage":29,"enemies":"3 Shapes","floor":35,"turns":5},{"damage":0,"enemies":"Orb Walker","floor":38,"turns":2},{"damage":6,"enemies":"Transient","floor":39,"turns":6},{"damage":74,"enemies":"Reptomancer","floor":40,"turns":6},{"damage":73,"enemies":"Giant Head","floor":41,"turns":7},{"damage":0,"enemies":"Nemesis","floor":44,"turns":3},{"damage":18,"enemies":"3 Darklings","floor":45,"turns":3},{"damage":5,"enemies":"Giant Head","floor":47,"turns":3},{"damage":3,"enemies":"Reptomancer","floor":48,"turns":2},{"damage":40,"enemies":"Awakened One","floor":50,"turns":7},{"damage":117,"enemies":"Donu and Deca","floor":51,"turns":8},{"damage":6,"enemies":"Shield and Spear","floor":55,"turns":2},{"damage":71,"enemies":"The Heart","floor":56,"turns":7}],"seed_played":"1783327070334237338","potions_obtained":[{"floor":10,"key":"FairyPotion"},{"floor":11,"key":"AttackPotion"},{"floor":16,"key":"HeartOfIron"},{"floor":18,"key":"LiquidMemories"},{"floor":27,"key":"SteroidPotion"},{"floor":29,"key":"DuplicationPotion"},{"floor":30,"key":"Fruit Juice"},{"floor":39,"key":"GamblersBrew"},{"floor":44,"key":"SteroidPotion"}],"is_trial":false,"path_per_floor":["M","T","$","?","M","E","R","E","T","E","M","R","?","M","R","B",null,"M","$","M","M","?","R","E","$","T","E","R","M","E","M","R","B",null,"M","$","?","M","M","E","E","R","T","E","M","R","E","E","R","B","B",null,"R","$","E","B",null],"character_chosen":"IRONCLAD","items_purchased":["Membership Card","Spot Weakness","Akabeko","Pummel","Reaper","Dark Shackles","Headbutt","PanicButton","Lantern","Offering+1","Dark Shackles+1","CaptainsWheel","Vajra","Sling","True Grit+1"],"campfire_rested":0,"item_purchase_floors":[19,19,19,19,25,25,36,36,36,54,54,54,54,54,54],"current_hp_per_floor":[74,74,74,74,75,75,75,51,51,32,38,38,12,12,12,33,65,71,71,61,63,75,75,66,66,66,75,75,75,75,75,75,75,75,72,72,72,75,80,80,80,80,80,80,80,80,90,90,90,90,90,90,90,90,90,90],"gold":174,"neow_bonus":"THREE_ENEMY_KILL","is_prod":false,"is_daily":false,"chose_seed":false,"campfire_upgraded":9,"win_rate":0,"timestamp":1644533060,"path_taken":["M","?","$","?","M","E","R","E","T","E","M","R","?","M","R","BOSS","M","$","M","M","?","R","E","?","T","E","R","M","E","M","R","BOSS","M","$","?","M","?","E","E","R","T","E","?","R","E","E","R","BOSS","BOSS","R","$","E","BOSS"],"build_version":"2020-12-22","purchased_purges":4,"victory":true,"max_hp_per_floor":[75,75,75,75,75,75,75,75,75,75,75,75,75,75,75,75,75,75,75,75,75,75,75,75,75,75,75,75,75,75,75,75,75,75,75,75,75,75,80,80,80,80,80,80,80,80,90,90,90,90,90,90,90,90,90,90],"relic_stats":{"counters":[30,132],"Golden Idol":203,"Magic Flower":[15],"Pen Nib":[16],"PreservedInsect":597,"Smiling Mask":38,"Burning Blood":101,"Mummified Hand":[22],"Bronze Scales":[299],"Pandora\u0027s Box":["Sever Soul","Rampage","Ghostly Armor","Juggernaut","Fiend Fire","Bloodletting","Whirlwind"],"WingedGreaves":3,"Membership Card":1006,"obtain_stats":[{"Lantern":36,"Magic Flower":44,"Vajra":54,"Smiling Mask":9,"Sling":54,"Burning Blood":0,"Old Coin":40,"Mummified Hand":6,"WingedGreaves":30,"Toxic Egg 2":48,"InkBottle":27,"Runic Pyramid":17,"Pear":47,"NeowsBlessing":0,"Golden Idol":13,"Pen Nib":8,"PreservedInsect":24,"Akabeko":19,"CaptainsWheel":54,"Bronze Scales":26,"Pandora\u0027s Box":34,"Molten Egg 2":41,"Membership Card":19,"Toy Ornithopter":2,"TungstenRod":55},{"Lantern":18,"Magic Flower":23,"Vajra":28,"Smiling Mask":4,"Sling":28,"Burning Blood":0,"Old Coin":21,"Mummified Hand":3,"WingedGreaves":15,"Toxic Egg 2":26,"InkBottle":13,"Runic Pyramid":8,"Pear":25,"NeowsBlessing":0,"Golden Idol":6,"Pen Nib":4,"PreservedInsect":12,"Akabeko":9,"CaptainsWheel":28,"Bronze Scales":12,"Pandora\u0027s Box":17,"Molten Egg 2":22,"Membership Card":9,"Toy Ornithopter":1,"TungstenRod":29},{"Lantern":76,"Magic Flower":100,"Vajra":123,"Smiling Mask":11,"Sling":123,"Burning Blood":0,"Old Coin":90,"Mummified Hand":4,"WingedGreaves":57,"Toxic Egg 2":108,"InkBottle":52,"Runic Pyramid":31,"Pear":106,"NeowsBlessing":0,"Golden Idol":19,"Pen Nib":11,"PreservedInsect":49,"Akabeko":34,"CaptainsWheel":123,"Bronze Scales":49,"Pandora\u0027s Box":71,"Molten Egg 2":97,"Membership Card":34,"Toy Ornithopter":1,"TungstenRod":125}],"Toy Ornithopter":19,"InkBottle":[27],"TungstenRod":21},"card_choices":[{"not_picked":["Seeing Red","Shrug It Off"],"picked":"Flex","floor":1},{"not_picked":["Ghostly Armor","Inflame"],"picked":"Uppercut","floor":5},{"not_picked":["Cleave","Metallicize"],"picked":"Fire Breathing","floor":6},{"not_picked":["Seeing Red","Entrench"],"picked":"Carnage","floor":8},{"not_picked":["Havoc","Clash"],"picked":"True Grit","floor":10},{"not_picked":["Flex","Heavy Blade"],"picked":"Shrug It Off","floor":11},{"not_picked":["Reaper","Offering"],"picked":"Immolate","floor":16},{"not_picked":["Sever Soul","Clash"],"picked":"Seeing Red","floor":18},{"not_picked":["Anger","Perfected Strike","Sever Soul"],"picked":"SKIP","floor":20},{"not_picked":["Clash","Pommel Strike","Warcry"],"picked":"SKIP","floor":21},{"not_picked":["Dual Wield","Whirlwind"],"picked":"Intimidate+1","floor":24},{"not_picked":["Combust","Inflame","Clothesline"],"picked":"SKIP","floor":27},{"not_picked":["Wild Strike","Iron Wave"],"picked":"Shrug It Off+1","floor":29},{"not_picked":["Power Through","Heavy Blade"],"picked":"Limit Break","floor":30},{"not_picked":["Anger","Heavy Blade","Flame Barrier"],"picked":"SKIP","floor":31},{"not_picked":["Barricade","Bludgeon"],"picked":"Reaper","floor":33},{"not_picked":["Rampage","Wild Strike+1","Clothesline"],"picked":"SKIP","floor":35},{"not_picked":["Rampage","Wild Strike+1","Clothesline"],"picked":"SKIP","floor":35},{"not_picked":["Rage+1","Iron Wave","Flame Barrier"],"picked":"SKIP","floor":38},{"not_picked":["Iron Wave+1","Spot Weakness"],"picked":"Battle Trance","floor":39},{"not_picked":["Perfected Strike","Seeing Red","Bludgeon"],"picked":"SKIP","floor":40},{"not_picked":["Perfected Strike+1","Clothesline+1"],"picked":"Body Slam+1","floor":41},{"not_picked":["Rampage+1","Feel No Pain+1"],"picked":"Dark Embrace+1","floor":44},{"not_picked":["Perfected Strike+1","Pommel Strike+1","Flex"],"picked":"SKIP","floor":45},{"not_picked":["Perfected Strike+1","Pommel Strike+1","Flex"],"picked":"SKIP","floor":45},{"not_picked":["Flex","Havoc"],"picked":"Shockwave","floor":47},{"not_picked":["True Grit+1","Warcry+1"],"picked":"Pummel+1","floor":48},{"not_picked":["Rampage+1","Bloodletting+1"],"picked":"Sentinel+1","floor":55}],"player_experience":6211274,"relics_obtained":[{"floor":2,"key":"Toy Ornithopter"},{"floor":6,"key":"Mummified Hand"},{"floor":8,"key":"Pen Nib"},{"floor":9,"key":"Smiling Mask"},{"floor":24,"key":"PreservedInsect"},{"floor":26,"key":"Bronze Scales"},{"floor":27,"key":"InkBottle"},{"floor":30,"key":"WingedGreaves"},{"floor":40,"key":"Old Coin"},{"floor":41,"key":"Molten Egg 2"},{"floor":44,"key":"Magic Flower"},{"floor":47,"key":"Pear"},{"floor":48,"key":"Toxic Egg 2"},{"floor":55,"key":"TungstenRod"}],"event_choices":[{"damage_healed":0,"gold_gain":0,"player_choice":"Leave","damage_taken":0,"max_hp_gain":0,"max_hp_loss":0,"event_name":"The Cleric","floor":4,"gold_loss":0},{"damage_healed":0,"gold_gain":0,"player_choice":"Take Damage","damage_taken":26,"relics_obtained":["Golden Idol"],"max_hp_gain":0,"max_hp_loss":0,"event_name":"Golden Idol","floor":13,"gold_loss":0},{"cards_removed":["Fire Breathing"],"damage_healed":12,"gold_gain":0,"player_choice":"Offered Uncommon","damage_taken":0,"max_hp_gain":0,"max_hp_loss":0,"event_name":"Bonfire Elementals","floor":22,"gold_loss":0},{"damage_healed":0,"gold_gain":0,"player_choice":"Forge","damage_taken":0,"max_hp_gain":0,"max_hp_loss":0,"event_name":"Accursed Blacksmith","floor":37,"gold_loss":0,"cards_upgraded":["PanicButton"]}],"is_beta":false,"boss_relics":[{"not_picked":["Runic Cube","Runic Dome"],"picked":"Runic Pyramid"},{"not_picked":["Black Blood","Tiny House"],"picked":"Pandora\u0027s Box"}],"items_purged_floors":[3,19,36,54],"is_endless":false,"potions_floor_spawned":[10,11,14,16,18,27,29,30,39,40,44],"ascension_level":20}