{"gold_per_floor":[362,378,30,49,62,62,62,62,85,102,135,150,163,197,197,271,271,286,286,162,62,82,82,94,94,119,132,157,157,174,174,174,251,251,269,279,295,311,311,311,345,345,345,140,140,140,168,187,187,187,187,187,187,37,71,71],"floor_reached":57,"playtime":5930,"items_purged":["Injury","Strike_R","Strike_R","Strike_R"],"score":2863,"play_id":"90dcded9-bb9b-49b0-8c41-49a5cc77fc89","local_time":"20220204184014","is_ascension_mode":true,"campfire_choices":[{"data":"Shrug It Off","floor":6,"key":"SMITH"},{"data":"Shockwave","floor":8,"key":"SMITH"},{"data":"Body Slam","floor":15,"key":"SMITH"},{"data":"Immolate","floor":23,"key":"SMITH"},{"data":"Evolve","floor":25,"key":"SMITH"},{"data":"Feel No Pain","floor":32,"key":"SMITH"},{"data":"True Grit","floor":40,"key":"SMITH"},{"data":"Second Wind","floor":42,"key":"SMITH"},{"floor":45,"key":"RECALL"},{"data":"Apotheosis","floor":49,"key":"SMITH"},{"data":"Offering","floor":53,"key":"SMITH"}],"neow_cost":"CURSE","seed_source_timestamp":1439191036075500,"circlet_count":0,"master_deck":["AscendersBane","Strike_R","Strike_R","Defend_R","Defend_R+1","Defend_R","Defend_R+1","Bash","Power Through","Shrug It Off+1","Dark Embrace","Headbutt","Shockwave+1","Body Slam+1","Feed+1","Second Wind+1","Immolate+1","Feel No Pain+1","Reckless Charge","Body Slam+1","Evolve+1","Offering+1","Warcry+1","True Grit+1","Dark Embrace","Feel No Pain","Jack Of All Trades","PanicButton","Apotheosis+1","Burning Pact+1","Intimidate+1"],"relics":["Black Blood","Art of War","Strawberry","Vajra","War Paint","Potion Belt","Coffee Dripper","PreservedInsect","Toy Ornithopter","Self Forming Clay","Shuriken","Ornamental Fan","StoneCalendar","Akabeko"],"potions_floor_usage":[5,11,18,28,33,41,50,55,55,56],"damage_taken":[{"damage":26,"enemies":"Jaw Worm","floor":1,"turns":5},{"damage":6,"enemies":"Cultist","floor":2,"turns":3},{"damage":0,"enemies":"Small Slimes","floor":4,"turns":3},{"damage":0,"enemies":"Looter","floor":5,"turns":3},{"damage":4,"enemies":"Gremlin Gang","floor":10,"turns":6},{"damage":21,"enemies":"Gremlin Nob","floor":11,"turns":4},{"damage":0,"enemies":"Blue Slaver","floor":12,"turns":4},{"damage":0,"enemies":"Looter","floor":13,"turns":4},{"damage":0,"enemies":"Lagavulin","floor":14,"turns":6},{"damage":28,"enemies":"Slime Boss","floor":16,"turns":14},{"damage":12,"enemies":"2 Thieves","floor":18,"turns":3},{"damage":11,"enemies":"Shell Parasite","floor":22,"turns":6},{"damage":4,"enemies":"Centurion and Healer","floor":24,"turns":14},{"damage":20,"enemies":"Snecko","floor":27,"turns":8},{"damage":29,"enemies":"Gremlin Leader","floor":28,"turns":4},{"damage":18,"enemies":"Snake Plant","floor":30,"turns":4},{"damage":64,"enemies":"Collector","floor":33,"turns":11},{"damage":15,"enemies":"3 Shapes","floor":35,"turns":4},{"damage":6,"enemies":"Orb Walker","floor":36,"turns":3},{"damage":8,"enemies":"3 Darklings","floor":37,"turns":6},{"damage":15,"enemies":"Jaw Worm Horde","floor":38,"turns":3},{"damage":6,"enemies":"Giant Head","floor":41,"turns":6},{"damage":14,"enemies":"Reptomancer","floor":47,"turns":4},{"damage":7,"enemies":"4 Shapes","floor":48,"turns":4},{"damage":23,"enemies":"Awakened One","floor":50,"turns":10},{"damage":23,"enemies":"Donu and Deca","floor":51,"turns":5},{"damage":6,"enemies":"Shield and Spear","floor":55,"turns":3},{"damage":17,"enemies":"The Heart","floor":56,"turns":6}],"seed_played":"4855367821734154862","potions_obtained":[{"floor":1,"key":"Block Potion"},{"floor":2,"key":"SpeedPotion"},{"floor":4,"key":"PowerPotion"},{"floor":14,"key":"AttackPotion"},{"floor":24,"key":"Energy Potion"},{"floor":27,"key":"BlessingOfTheForge"},{"floor":30,"key":"BloodPotion"},{"floor":33,"key":"SteroidPotion"},{"floor":35,"key":"SkillPotion"},{"floor":47,"key":"DistilledChaos"},{"floor":48,"key":"SkillPotion"}],"is_trial":false,"path_per_floor":["M","M","$","M","M","R","?","R","T","M","E","M","M","E","R","B",null,"M","?","$","$","M","R","M","R","T","M","E","?","M","?","R","B",null,"M","M","M","M","?","R","E","R","T","$","R","?","E","M","R","B","B",null,"R","$","E","B",null],"character_chosen":"IRONCLAD","items_purchased":["Shrug It Off","Art of War","Dark Embrace","Feel No Pain","Reckless Charge","Feel No Pain"],"campfire_rested":0,"item_purchase_floors":[3,3,3,20,20,44],"current_hp_per_floor":[48,48,48,54,60,60,62,62,62,64,49,58,67,76,76,57,85,82,82,82,82,81,81,87,87,87,77,58,58,46,46,46,19,93,94,104,112,113,113,113,128,128,128,128,128,118,116,125,125,123,116,141,141,141,153,157],"gold":71,"neow_bonus":"TWO_FIFTY_GOLD","is_prod":false,"is_daily":false,"chose_seed":false,"campfire_upgraded":10,"win_rate":0,"timestamp":1644018014,"path_taken":["M","M","$","M","M","R","?","R","T","M","E","M","M","E","R","BOSS","M","?","?","$","M","R","M","R","T","M","E","?","?","?","R","BOSS","M","M","M","?","?","R","E","R","T","$","R","?","E","M","R","BOSS","BOSS","R","$","E","BOSS"],"build_version":"2020-12-22","purchased_purges":4,"victory":true,"max_hp_per_floor":[75,75,75,75,75,75,82,82,82,82,82,85,88,91,91,94,94,97,97,97,97,101,101,105,105,105,109,113,113,113,113,113,117,117,121,125,129,133,133,133,137,137,137,137,137,137,137,141,141,145,149,149,149,149,153,157],"relic_stats":{"counters":[28,156],"Self Forming Clay":[111],"Shuriken":[24],"Ornamental Fan":[52],"Black Blood":226,"StoneCalendar":[52],"PreservedInsect":313,"Art of War":[26],"War Paint":["Defend_R","Defend_R"],"obtain_stats":[{"Potion Belt":14,"Self Forming Clay":29,"Vajra":9,"Black Blood":34,"StoneCalendar":47,"PreservedInsect":26,"War Paint":11,"Burning Blood":0,"Akabeko":55,"Shuriken":31,"Ornamental Fan":41,"Strawberry":7,"Art of War":3,"Coffee Dripper":17,"Toy Ornithopter":28},{"Potion Belt":9,"Self Forming Clay":15,"Vajra":4,"Black Blood":17,"StoneCalendar":23,"PreservedInsect":13,"War Paint":6,"Burning Blood":0,"Akabeko":27,"Shuriken":16,"Ornamental Fan":22,"Strawberry":4,"Art of War":2,"Coffee Dripper":10,"Toy Ornithopter":15},{"Potion Belt":38,"Self Forming Clay":87,"Vajra":14,"Black Blood":102,"StoneCalendar":128,"PreservedInsect":75,"War Paint":24,"Burning Blood":0,"Akabeko":150,"Shuriken":91,"Ornamental Fan":124,"Strawberry":14,"Art of War":8,"Coffee Dripper":52,"Toy Ornithopter":87}],"Toy Ornithopter":30},"card_choices":[{"not_picked":["Havoc","Evolve"],"picked":"Power Through","floor":1},{"not_picked":["Twin Strike","Disarm"],"picked":"Headbutt","floor":2},{"not_picked":["Perfected Strike","Blood for Blood"],"picked":"Headbutt","floor":4},{"not_picked":["Sword Boomerang","Disarm"],"picked":"Shockwave","floor":5},{"not_picked":["Pommel Strike","Rupture"],"picked":"Body Slam","floor":10},{"not_picked":["Infernal Blade","Dual Wield"],"picked":"Feed","floor":11},{"not_picked":["Uppercut","Infernal Blade","Bloodletting"],"picked":"SKIP","floor":12},{"not_picked":["Uppercut","Infernal Blade","Bloodletting"],"picked":"SKIP","floor":12},{"not_picked":["Flex","Twin Strike","Body Slam"],"picked":"SKIP","floor":13},{"not_picked":["Disarm","Fire Breathing"],"picked":"Second Wind","floor":14},{"not_picked":["Feed","Juggernaut"],"picked":"Immolate","floor":16},{"not_picked":["Body Slam","Flex","Sword Boomerang"],"picked":"SKIP","floor":18},{"not_picked":["Heavy Blade","Bloodletting"],"picked":"Body Slam+1","floor":22},{"not_picked":["Berserk","Cleave"],"picked":"Evolve","floor":24},{"not_picked":["Cleave","Sentinel","Body Slam"],"picked":"SKIP","floor":27},{"not_picked":["Headbutt","Anger","Rampage"],"picked":"SKIP","floor":28},{"not_picked":["Headbutt","Anger","Rampage"],"picked":"SKIP","floor":28},{"not_picked":["Headbutt","Anger","Rampage"],"picked":"SKIP","floor":28},{"not_picked":["Clothesline","Dual Wield","Searing Blow"],"picked":"SKIP","floor":30},{"not_picked":["Brutality","Juggernaut"],"picked":"Offering","floor":33},{"not_picked":["Pommel Strike","Anger","Wild Strike+1"],"picked":"SKIP","floor":35},{"not_picked":["Whirlwind","Thunderclap"],"picked":"Warcry+1","floor":36},{"not_picked":["Armaments+1","Infernal Blade"],"picked":"True Grit","floor":37},{"not_picked":["Rage","Anger","Flex"],"picked":"SKIP","floor":38},{"not_picked":["Rage+1","Heavy Blade+1"],"picked":"Dark Embrace","floor":41},{"not_picked":["Magnetism","Discovery"],"picked":"Jack Of All Trades","floor":46},{"not_picked":["Panache","Swift Strike"],"picked":"PanicButton","floor":46},{"not_picked":["Dark Shackles","Good Instincts"],"picked":"Apotheosis","floor":46},{"not_picked":["Blood for Blood","Cleave","Armaments"],"picked":"SKIP","floor":47},{"not_picked":["Perfected Strike","Warcry+1"],"picked":"Burning Pact+1","floor":48},{"not_picked":["Wild Strike","Ghostly Armor"],"picked":"Intimidate+1","floor":55}],"player_experience":6139023,"relics_obtained":[{"floor":9,"key":"Vajra"},{"floor":11,"key":"War Paint"},{"floor":14,"key":"Potion Belt"},{"floor":26,"key":"PreservedInsect"},{"floor":28,"key":"Toy Ornithopter"},{"floor":29,"key":"Self Forming Clay"},{"floor":41,"key":"Ornamental Fan"},{"floor":47,"key":"StoneCalendar"},{"floor":55,"key":"Akabeko"}],"event_choices":[{"damage_healed":0,"gold_gain":0,"player_choice":"Success","damage_taken":5,"relics_obtained":["Strawberry"],"max_hp_gain":0,"max_hp_loss":0,"event_name":"Scrap Ooze","floor":7,"gold_loss":0},{"damage_healed":0,"gold_gain":0,"player_choice":"Upgraded","damage_taken":0,"max_hp_gain":0,"max_hp_loss":0,"event_name":"Upgrade Shrine","floor":19,"gold_loss":0,"cards_upgraded":["Feed"]},{"damage_healed":0,"gold_gain":0,"player_choice":"Relic","damage_taken":0,"max_hp_gain":0,"max_hp_loss":0,"event_name":"Wheel of Change","floor":29,"gold_loss":0},{"cards_removed":["Headbutt"],"damage_healed":0,"gold_gain":0,"player_choice":"Gave Card","damage_taken":0,"relics_obtained":["Shuriken"],"max_hp_gain":0,"max_hp_loss":0,"event_name":"WeMeetAgain","floor":31,"gold_loss":0},{"damage_healed":0,"gold_gain":0,"player_choice":"Ignored","damage_taken":0,"max_hp_gain":0,"max_hp_loss":0,"event_name":"Tomb of Lord Red Mask","floor":39,"gold_loss":0},{"damage_healed":0,"gold_gain":0,"player_choice":"Memory 3","damage_taken":10,"max_hp_gain":0,"max_hp_loss":0,"event_name":"SensoryStone","floor":46,"gold_loss":0}],"is_beta":false,"boss_relics":[{"not_picked":["Sozu","Astrolabe"],"picked":"Coffee Dripper"},{"not_picked":["SacredBark","Runic Cube"],"picked":"Black Blood"}],"items_purged_floors":[3,21,44,54],"is_endless":false,"potions_floor_spawned":[1,2,4,14,24,27,30,33,35,47,48],"ascension_level":20}