{"gold_per_floor":[110,121,22,39,39,39,51,83,106,139,139,139,154,173,173,248,248,266,12,29,44,60,60,75,86,86,116,129,129,156,168,168,241,241,254,254,96,114,114,114,140,155,178,192,202,229,149,162,162,162,162,162,162,81,106,106],"floor_reached":57,"playtime":6168,"items_purged":["Strike_R","Strike_R"],"score":2790,"play_id":"ad3c5954-b4ce-410e-aa42-fe03dbc5d91d","local_time":"20220222180436","is_ascension_mode":true,"campfire_choices":[{"data":"True Grit","floor":6,"key":"SMITH"},{"data":"Immolate","floor":12,"key":"SMITH"},{"data":"Battle Trance","floor":15,"key":"SMITH"},{"data":"Inflame","floor":23,"key":"SMITH"},{"data":"Armaments","floor":32,"key":"SMITH"},{"data":"Demon Form","floor":40,"key":"SMITH"},{"floor":49,"key":"RECALL"},{"data":"Impervious","floor":53,"key":"SMITH"}],"neow_cost":"PERCENT_DAMAGE","seed_source_timestamp":353338101119100,"circlet_count":0,"master_deck":["AscendersBane","Defend_R","Defend_R","Bash","Pommel Strike","Metallicize","True Grit+1","Spot Weakness","Inflame+1","Armaments+1","Immolate+1","Dual Wield","Battle Trance+1","Reaper","Shrug It Off","Impervious+1","Heavy Blade+1","Headbutt","Thunderclap","Demon Form+1","Shrug It Off","Headbutt+1","Feed","Seeing Red","Reaper","Power Through","Disarm","Disarm","Burning Pact","Sword Boomerang"],"relics":["Burning Blood","Boot","Art of War","Blood Vial","Coffee Dripper","Calipers","Charon\u0027s Ashes","Magic Flower","Runic Pyramid","Medical Kit","Toy Ornithopter","FossilizedHelix","Oddly Smooth Stone"],"potions_floor_usage":[8,16,28,30,55,56],"damage_taken":[{"damage":3,"enemies":"2 Louse","floor":1,"turns":4},{"damage":2,"enemies":"Jaw Worm","floor":2,"turns":3},{"damage":1,"enemies":"Cultist","floor":4,"turns":4},{"damage":14,"enemies":"Lots of Slimes","floor":7,"turns":5},{"damage":25,"enemies":"3 Sentries","floor":8,"turns":9},{"damage":10,"enemies":"Lagavulin","floor":10,"turns":8},{"damage":1,"enemies":"2 Fungi Beasts","floor":13,"turns":3},{"damage":4,"enemies":"Exordium Wildlife","floor":14,"turns":3},{"damage":22,"enemies":"Slime Boss","floor":16,"turns":8},{"damage":23,"enemies":"2 Thieves","floor":18,"turns":4},{"damage":3,"enemies":"Chosen","floor":20,"turns":5},{"damage":21,"enemies":"Sentry and Sphere","floor":21,"turns":5},{"damage":36,"enemies":"Snecko","floor":22,"turns":11},{"damage":15,"enemies":"Snake Plant","floor":24,"turns":5},{"damage":18,"enemies":"Chosen and Byrds","floor":25,"turns":5},{"damage":59,"enemies":"Slavers","floor":27,"turns":7},{"damage":7,"enemies":"Snecko","floor":28,"turns":8},{"damage":0,"enemies":"Gremlin Leader","floor":30,"turns":4},{"damage":9,"enemies":"Centurion and Healer","floor":31,"turns":5},{"damage":8,"enemies":"Automaton","floor":33,"turns":8},{"damage":0,"enemies":"3 Shapes","floor":35,"turns":6},{"damage":8,"enemies":"Orb Walker","floor":38,"turns":5},{"damage":38,"enemies":"Nemesis","floor":41,"turns":7},{"damage":18,"enemies":"Writhing Mass","floor":42,"turns":8},{"damage":9,"enemies":"3 Darklings","floor":44,"turns":4},{"damage":37,"enemies":"4 Shapes","floor":45,"turns":7},{"damage":144,"enemies":"Giant Head","floor":46,"turns":9},{"damage":2,"enemies":"Writhing Mass","floor":48,"turns":5},{"damage":81,"enemies":"Time Eater","floor":50,"turns":8},{"damage":120,"enemies":"Awakened One","floor":51,"turns":14},{"damage":98,"enemies":"Shield and Spear","floor":55,"turns":9},{"damage":207,"enemies":"The Heart","floor":56,"turns":12}],"seed_played":"5828361532425927162","potions_obtained":[{"floor":1,"key":"BlessingOfTheForge"},{"floor":13,"key":"DistilledChaos"},{"floor":16,"key":"Dexterity Potion"},{"floor":18,"key":"BloodPotion"},{"floor":28,"key":"Fire Potion"},{"floor":30,"key":"Strength Potion"},{"floor":45,"key":"Weak Potion"}],"is_trial":false,"path_per_floor":["M","M","$","M","?","R","M","E","T","E","?","R","M","M","R","B",null,"M","$","M","M","M","R","M","M","T","E","M","?","E","M","R","B",null,"M","?","$","M","$","R","E","M","T","M","M","E","$","M","R","B","B",null,"R","$","E","B",null],"character_chosen":"IRONCLAD","items_purchased":["True Grit","Impervious","Medical Kit","Burning Pact","DuplicationPotion"],"campfire_rested":0,"item_purchase_floors":[3,19,37,47,54],"current_hp_per_floor":[53,57,57,62,55,55,47,28,28,24,24,24,31,35,35,21,62,54,54,59,51,36,36,52,47,47,20,57,57,65,75,75,75,75,79,79,79,82,82,82,86,90,90,94,77,100,100,109,109,103,121,121,121,121,125,82],"gold":106,"neow_bonus":"REMOVE_TWO","is_prod":false,"is_daily":false,"chose_seed":false,"campfire_upgraded":7,"win_rate":0,"timestamp":1645571076,"path_taken":["M","M","$","M","?","R","M","E","T","E","?","R","M","M","R","BOSS","M","$","M","M","?","R","M","M","T","E","?","?","E","M","R","BOSS","M","?","$","?","?","R","E","M","T","?","M","E","$","M","R","BOSS","BOSS","R","$","E","BOSS"],"build_version":"2020-12-22","purchased_purges":2,"victory":true,"max_hp_per_floor":[75,75,75,75,75,75,75,75,75,75,75,75,75,75,75,75,75,75,75,75,75,75,75,75,75,75,75,75,75,75,75,75,75,75,79,79,79,82,82,82,86,90,90,94,101,105,105,109,109,113,121,121,121,121,125,125],"relic_stats":{"Blood Vial":36,"Calipers":[150],"counters":[32,208],"Magic Flower":[210],"Charon\u0027s Ashes":[540],"Art of War":[55],"Boot":[23],"Medical Kit":[36],"obtain_stats":[{"Calipers":26,"Magic Flower":30,"Oddly Smooth Stone":55,"Charon\u0027s Ashes":27,"Boot":8,"Medical Kit":37,"Burning Blood":0,"Blood Vial":10,"Art of War":9,"Coffee Dripper":17,"Toy Ornithopter":41,"FossilizedHelix":46,"Runic Pyramid":34},{"Calipers":15,"Magic Flower":18,"Oddly Smooth Stone":31,"Charon\u0027s Ashes":16,"Boot":5,"Medical Kit":21,"Burning Blood":0,"Blood Vial":6,"Art of War":5,"Coffee Dripper":9,"Toy Ornithopter":23,"FossilizedHelix":27,"Runic Pyramid":20},{"Calipers":82,"Magic Flower":101,"Oddly Smooth Stone":196,"Charon\u0027s Ashes":89,"Boot":25,"Medical Kit":120,"Burning Blood":0,"Blood Vial":33,"Art of War":25,"Coffee Dripper":47,"Toy Ornithopter":132,"FossilizedHelix":160,"Runic Pyramid":114}],"Burning Blood":163,"Toy Ornithopter":12,"FossilizedHelix":[97]},"card_choices":[{"not_picked":["Blood for Blood","True Grit"],"picked":"Pommel Strike","floor":1},{"not_picked":["Ghostly Armor","Seeing Red"],"picked":"Metallicize","floor":2},{"not_picked":["Pummel","Body Slam"],"picked":"Spot Weakness","floor":4},{"not_picked":["Power Through","True Grit"],"picked":"Inflame","floor":7},{"not_picked":["Metallicize","Iron Wave"],"picked":"Armaments","floor":8},{"not_picked":["Perfected Strike","Headbutt"],"picked":"Immolate","floor":10},{"not_picked":["Carnage","Sword Boomerang"],"picked":"Battle Trance","floor":13},{"not_picked":["Flex","Armaments","Hemokinesis"],"picked":"SKIP","floor":14},{"not_picked":["Flex","Armaments","Hemokinesis"],"picked":"SKIP","floor":14},{"not_picked":["Double Tap","Limit Break"],"picked":"Reaper","floor":16},{"not_picked":["Cleave","Pommel Strike"],"picked":"Shrug It Off","floor":18},{"not_picked":["Sentinel","Infernal Blade"],"picked":"Heavy Blade+1","floor":20},{"not_picked":["Warcry","True Grit"],"picked":"Headbutt","floor":21},{"not_picked":["Armaments","Sentinel"],"picked":"Thunderclap","floor":22},{"not_picked":["Wild Strike","Carnage","Armaments"],"picked":"SKIP","floor":24},{"not_picked":["Cleave","Feel No Pain"],"picked":"Demon Form","floor":25},{"not_picked":["Cleave","Armaments","Sever Soul"],"picked":"SKIP","floor":27},{"not_picked":["Inflame","Rage","Searing Blow"],"picked":"SKIP","floor":28},{"not_picked":["Iron Wave","Carnage"],"picked":"Shrug It Off","floor":30},{"not_picked":["Dropkick","Body Slam"],"picked":"Headbutt+1","floor":31},{"not_picked":["Barricade","Bludgeon"],"picked":"Feed","floor":33},{"not_picked":["Power Through","Headbutt+1"],"picked":"Seeing Red","floor":35},{"not_picked":["Clash","Perfected Strike+1","Anger"],"picked":"SKIP","floor":38},{"not_picked":["Clothesline","Whirlwind"],"picked":"Power Through","floor":41},{"not_picked":["Headbutt","Blood for Blood"],"picked":"Disarm","floor":42},{"not_picked":["Iron Wave+1","Warcry"],"picked":"Disarm","floor":44},{"not_picked":["Anger+1","Havoc","Bludgeon"],"picked":"SKIP","floor":45},{"not_picked":["Body Slam","Inflame","Reckless Charge"],"picked":"SKIP","floor":46},{"not_picked":["Flex","Shrug It Off+1"],"picked":"Sword Boomerang","floor":48},{"not_picked":["Clash+1","Havoc","True Grit"],"picked":"SKIP","floor":55}],"player_experience":6317939,"relics_obtained":[{"floor":8,"key":"Boot"},{"floor":9,"key":"Art of War"},{"floor":10,"key":"Blood Vial"},{"floor":26,"key":"Calipers"},{"floor":27,"key":"Charon\u0027s Ashes"},{"floor":30,"key":"Magic Flower"},{"floor":41,"key":"Toy Ornithopter"},{"floor":46,"key":"FossilizedHelix"},{"floor":55,"key":"Oddly Smooth Stone"}],"event_choices":[{"cards_removed":["Defend_R"],"damage_healed":0,"gold_gain":0,"player_choice":"Card Removal","damage_taken":7,"max_hp_gain":0,"max_hp_loss":0,"event_name":"Golden Wing","floor":5,"gold_loss":0},{"damage_healed":0,"gold_gain":0,"cards_transformed":["Strike_R"],"player_choice":"Transformed","damage_taken":0,"max_hp_gain":0,"max_hp_loss":0,"event_name":"Transmorgrifier","floor":11,"gold_loss":0,"cards_obtained":["Dual Wield"]},{"cards_removed":["Defend_R"],"damage_healed":0,"gold_gain":0,"player_choice":"Elegance","damage_taken":0,"max_hp_gain":0,"max_hp_loss":0,"event_name":"Back to Basics","floor":29,"gold_loss":0},{"damage_healed":0,"gold_gain":0,"player_choice":"Copied","damage_taken":0,"max_hp_gain":0,"max_hp_loss":0,"event_name":"Duplicator","floor":36,"gold_loss":0,"cards_obtained":["Reaper"]}],"is_beta":false,"boss_relics":[{"not_picked":["SlaversCollar","Black Blood"],"picked":"Coffee Dripper"},{"not_picked":["Velvet Choker","Snecko Eye"],"picked":"Runic Pyramid"}],"items_purged_floors":[3,19],"is_endless":false,"potions_floor_spawned":[1,13,16,18,21,28,30,33,38,45,46],"ascension_level":20}