{"gold_per_floor":[110,121,134,49,63,63,88,102,125,125,145,159,187,187,187,282,282,298,318,318,331,347,382,382,425,452,486,486,486,505,270,270,368,368,387,387,445,71,94,134,152,52,78,103,139,153,187,203,203,203,203,203,203,59,98,98],"floor_reached":57,"playtime":6243,"items_purged":["Strike_R","Strike_R"],"score":2782,"play_id":"6a47cc19-f6fd-4f87-9b33-5b4ecec62bcc","local_time":"20220217164616","is_ascension_mode":true,"campfire_choices":[{"data":"Immolate","floor":6,"key":"SMITH"},{"data":"Flame Barrier","floor":10,"key":"SMITH"},{"data":"Disarm","floor":15,"key":"SMITH"},{"floor":24,"key":"REST"},{"floor":32,"key":"RECALL"},{"floor":49,"key":"REST"},{"floor":53,"key":"REST"}],"neow_cost":"TEN_PERCENT_HP_LOSS","seed_source_timestamp":537452082588800,"circlet_count":0,"master_deck":["AscendersBane","Strike_R","Defend_R","Defend_R","Defend_R","Defend_R","Bash","Dark Embrace+1","Anger","Pommel Strike","Flame Barrier+1","Immolate+1","Headbutt","Shrug It Off","Warcry","Flame Barrier","Disarm+1","Offering","Reckless Charge","Demon Form","Reaper","Spot Weakness","Corruption","PanicButton","Violence","Armaments","Secret Technique","Dual Wield+1","Shrug It Off+1","Havoc","Sentinel+1","Bloodletting+1","Metallicize+1","Shockwave"],"relics":["Burning Blood","Vajra","Centennial Puzzle","Toy Ornithopter","Golden Idol","Fusion Hammer","Akabeko","Omamori","Orichalcum","Happy Flower","Singing Bowl","Lee\u0027s Waffle","SacredBark","Thread and Needle","Strawberry","Bottled Lightning","Blue Candle","Bronze Scales","Bag of Preparation"],"potions_floor_usage":[7,13,25,37,51,56,56],"damage_taken":[{"damage":4,"enemies":"Small Slimes","floor":1,"turns":4},{"damage":2,"enemies":"2 Louse","floor":2,"turns":4},{"damage":1,"enemies":"Cultist","floor":3,"turns":4},{"damage":0,"enemies":"3 Louse","floor":5,"turns":1},{"damage":8,"enemies":"Lagavulin","floor":7,"turns":5},{"damage":13,"enemies":"Blue Slaver","floor":8,"turns":2},{"damage":0,"enemies":"Red Slaver","floor":11,"turns":3},{"damage":4,"enemies":"3 Louse","floor":12,"turns":3},{"damage":8,"enemies":"Gremlin Nob","floor":13,"turns":3},{"damage":13,"enemies":"The Guardian","floor":16,"turns":15},{"damage":12,"enemies":"Spheric Guardian","floor":18,"turns":3},{"damage":6,"enemies":"Shell Parasite","floor":19,"turns":6},{"damage":6,"enemies":"Chosen and Byrds","floor":21,"turns":4},{"damage":8,"enemies":"Snake Plant","floor":22,"turns":4},{"damage":8,"enemies":"Gremlin Leader","floor":23,"turns":3},{"damage":8,"enemies":"Slavers","floor":25,"turns":3},{"damage":12,"enemies":"Book of Stabbing","floor":27,"turns":5},{"damage":0,"enemies":"Centurion and Healer","floor":30,"turns":6},{"damage":29,"enemies":"Champ","floor":33,"turns":11},{"damage":40,"enemies":"3 Darklings","floor":35,"turns":5},{"damage":10,"enemies":"2 Orb Walkers","floor":37,"turns":5},{"damage":7,"enemies":"Orb Walker","floor":39,"turns":3},{"damage":12,"enemies":"Reptomancer","floor":40,"turns":4},{"damage":14,"enemies":"Transient","floor":41,"turns":6},{"damage":6,"enemies":"Maw","floor":44,"turns":6},{"damage":15,"enemies":"Nemesis","floor":45,"turns":5},{"damage":10,"enemies":"Writhing Mass","floor":46,"turns":4},{"damage":18,"enemies":"Reptomancer","floor":47,"turns":5},{"damage":3,"enemies":"3 Darklings","floor":48,"turns":1},{"damage":55,"enemies":"Donu and Deca","floor":50,"turns":8},{"damage":93,"enemies":"Awakened One","floor":51,"turns":15},{"damage":10,"enemies":"Shield and Spear","floor":55,"turns":4},{"damage":22,"enemies":"The Heart","floor":56,"turns":8}],"seed_played":"1570038130358475437","potions_obtained":[{"floor":3,"key":"FearPotion"},{"floor":5,"key":"HeartOfIron"},{"floor":7,"key":"BlessingOfTheForge"},{"floor":12,"key":"DistilledChaos"},{"floor":16,"key":"LiquidBronze"},{"floor":21,"key":"Explosive Potion"},{"floor":27,"key":"SpeedPotion"},{"floor":39,"key":"PowerPotion"}],"is_trial":false,"path_per_floor":["M","M","M","$","M","R","E","M","T","R","M","M","E","?","R","B",null,"M","M","?","M","M","E","R","E","T","E","?","T","M","$","R","B",null,"M","?","?","$","M","E","M","$","T","M","E","M","E","M","R","B","B",null,"R","$","E","B",null],"character_chosen":"IRONCLAD","items_purchased":["Immolate","Lee\u0027s Waffle","Secret Technique","Strawberry","PowerPotion","Shockwave"],"campfire_rested":3,"item_purchase_floors":[4,31,38,38,54,54],"current_hp_per_floor":[68,68,68,68,68,68,66,59,59,59,65,67,65,42,42,35,60,54,54,54,54,52,50,68,68,68,62,62,62,70,77,77,77,77,76,68,80,87,88,82,88,88,88,90,90,92,92,92,92,92,92,92,92,92,94,94],"gold":98,"neow_bonus":"TRANSFORM_TWO_CARDS","is_prod":false,"is_daily":false,"chose_seed":false,"campfire_upgraded":3,"win_rate":0,"timestamp":1645134376,"path_taken":["M","M","M","$","M","R","E","M","T","R","M","M","E","?","R","BOSS","M","M","?","M","?","E","R","E","T","E","?","?","M","$","R","BOSS","M","?","?","$","?","E","M","?","T","M","E","M","E","M","R","BOSS","BOSS","R","$","E","BOSS"],"build_version":"2020-12-22","purchased_purges":2,"victory":true,"max_hp_per_floor":[68,68,68,68,68,68,68,68,68,68,68,68,68,68,68,68,68,68,68,68,68,68,68,68,68,68,68,68,68,70,77,77,77,77,79,81,81,88,88,88,90,90,90,90,90,92,92,92,92,92,92,92,92,92,94,94],"relic_stats":{"Lee\u0027s Waffle":7,"Happy Flower":[32],"Singing Bowl":12,"counters":[33,168],"Golden Idol":200,"Blue Candle":[3],"Omamori":0,"Bag of Preparation":[2],"Orichalcum":[144],"Burning Blood":119,"Centennial Puzzle":[74],"Bronze Scales":[236],"Bottled Lightning":"Secret Technique","obtain_stats":[{"Lee\u0027s Waffle":31,"Happy Flower":27,"Singing Bowl":29,"Golden Idol":14,"SacredBark":34,"Blue Candle":45,"Vajra":7,"Thread and Needle":37,"Omamori":25,"Bag of Preparation":55,"Orichalcum":26,"Burning Blood":0,"Akabeko":23,"Centennial Puzzle":9,"Strawberry":38,"Bronze Scales":47,"Fusion Hammer":17,"Bottled Lightning":40,"Toy Ornithopter":13},{"Lee\u0027s Waffle":18,"Happy Flower":17,"Singing Bowl":17,"Golden Idol":9,"SacredBark":19,"Blue Candle":26,"Vajra":5,"Thread and Needle":21,"Omamori":16,"Bag of Preparation":32,"Orichalcum":16,"Burning Blood":0,"Akabeko":15,"Centennial Puzzle":6,"Strawberry":21,"Bronze Scales":28,"Fusion Hammer":10,"Bottled Lightning":23,"Toy Ornithopter":9},{"Lee\u0027s Waffle":78,"Happy Flower":72,"Singing Bowl":72,"Golden Idol":29,"SacredBark":89,"Blue Candle":123,"Vajra":18,"Thread and Needle":99,"Omamori":67,"Bag of Preparation":160,"Orichalcum":67,"Burning Blood":0,"Akabeko":64,"Centennial Puzzle":20,"Strawberry":99,"Bronze Scales":132,"Fusion Hammer":44,"Bottled Lightning":106,"Toy Ornithopter":29}],"Toy Ornithopter":20},"card_choices":[{"not_picked":["Entrench","Cleave"],"picked":"Pommel Strike","floor":1},{"not_picked":["Disarm","Shrug It Off"],"picked":"Flame Barrier","floor":2},{"not_picked":["Searing Blow","Wild Strike","Entrench"],"picked":"SKIP","floor":3},{"not_picked":["Sword Boomerang","Havoc"],"picked":"Headbutt","floor":5},{"not_picked":["Wild Strike","Rupture","Twin Strike"],"picked":"SKIP","floor":7},{"not_picked":["Whirlwind","Cleave"],"picked":"Shrug It Off","floor":8},{"not_picked":["Anger","Cleave"],"picked":"Warcry","floor":11},{"not_picked":["Dropkick","Clothesline"],"picked":"Flame Barrier","floor":12},{"not_picked":["Dark Embrace","Sentinel"],"picked":"Disarm","floor":13},{"not_picked":["Juggernaut","Immolate"],"picked":"Offering","floor":16},{"not_picked":["Dropkick","Pommel Strike","Heavy Blade"],"picked":"SKIP","floor":18},{"not_picked":["Anger","Combust","Perfected Strike"],"picked":"SKIP","floor":19},{"not_picked":["Cleave","Sentinel"],"picked":"Reckless Charge","floor":21},{"not_picked":["Sword Boomerang","Thunderclap","Dual Wield"],"picked":"SKIP","floor":22},{"not_picked":["Rupture","Thunderclap","Inflame"],"picked":"SKIP","floor":23},{"not_picked":["Sword Boomerang","Immolate"],"picked":"Demon Form","floor":25},{"not_picked":["Rampage+1","Armaments"],"picked":"Reaper","floor":27},{"not_picked":["Thunderclap","Blood for Blood","Anger"],"picked":"Singing Bowl","floor":30},{"not_picked":["Offering","Brutality"],"picked":"Corruption","floor":33},{"not_picked":["Clothesline","Flex+1","Havoc"],"picked":"Singing Bowl","floor":35},{"not_picked":["Flash of Steel","Purity"],"picked":"PanicButton","floor":36},{"not_picked":["Purity","Enlightenment"],"picked":"Violence","floor":36},{"not_picked":["Jack Of All Trades","The Bomb","Swift Strike"],"picked":"Singing Bowl","floor":36},{"not_picked":["Iron Wave","True Grit"],"picked":"Armaments","floor":37},{"not_picked":["Clash+1","Heavy Blade"],"picked":"Dual Wield+1","floor":39},{"not_picked":["Blood for Blood","Sever Soul+1"],"picked":"Shrug It Off+1","floor":40},{"not_picked":["Wild Strike","Armaments","Carnage+1"],"picked":"Singing Bowl","floor":41},{"not_picked":["Armaments","Heavy Blade"],"picked":"Havoc","floor":44},{"not_picked":["Power Through+1","Thunderclap+1"],"picked":"Sentinel+1","floor":45},{"not_picked":["Sword Boomerang","Anger","Havoc+1"],"picked":"Singing Bowl","floor":46},{"not_picked":["Rampage","Dropkick"],"picked":"Bloodletting+1","floor":47},{"not_picked":["Heavy Blade","Warcry"],"picked":"Metallicize+1","floor":48},{"not_picked":["Pommel Strike+1","Rampage","Warcry"],"picked":"Singing Bowl","floor":55}],"player_experience":6293207,"relics_obtained":[{"floor":7,"key":"Vajra"},{"floor":9,"key":"Centennial Puzzle"},{"floor":13,"key":"Toy Ornithopter"},{"floor":23,"key":"Akabeko"},{"floor":25,"key":"Omamori"},{"floor":26,"key":"Orichalcum"},{"floor":27,"key":"Happy Flower"},{"floor":29,"key":"Singing Bowl"},{"floor":37,"key":"Thread and Needle"},{"floor":40,"key":"Bottled Lightning"},{"floor":45,"key":"Blue Candle"},{"floor":47,"key":"Bronze Scales"},{"floor":55,"key":"Bag of Preparation"}],"event_choices":[{"damage_healed":0,"gold_gain":0,"player_choice":"Take Damage","damage_taken":23,"relics_obtained":["Golden Idol"],"max_hp_gain":0,"max_hp_loss":0,"event_name":"Golden Idol","floor":14,"gold_loss":0},{"damage_healed":0,"gold_gain":0,"player_choice":"Forge","damage_taken":0,"max_hp_gain":0,"max_hp_loss":0,"event_name":"Accursed Blacksmith","floor":20,"gold_loss":0,"cards_upgraded":["Dark Embrace"]},{"damage_healed":0,"gold_gain":0,"player_choice":"Read","damage_taken":0,"max_hp_gain":0,"max_hp_loss":0,"event_name":"The Library","floor":28,"gold_loss":0,"cards_obtained":["Spot Weakness"]},{"damage_healed":0,"gold_gain":0,"player_choice":"Memory 3","damage_taken":10,"max_hp_gain":0,"max_hp_loss":0,"event_name":"SensoryStone","floor":36,"gold_loss":0},{"damage_healed":0,"gold_gain":0,"player_choice":"Fight","damage_taken":0,"max_hp_gain":0,"max_hp_loss":0,"event_name":"Mysterious Sphere","floor":37,"gold_loss":0}],"is_beta":false,"boss_relics":[{"not_picked":["Calling Bell","Tiny House"],"picked":"Fusion Hammer"},{"not_picked":["Mark of Pain","Runic Dome"],"picked":"SacredBark"}],"items_purged_floors":[31,42],"is_endless":false,"potions_floor_spawned":[3,5,7,8,12,16,21,27,39,41,46,55],"ascension_level":20}