{"gold_per_floor":[119,135,285,3,0,0,0,0,72,107,107,107,119,148,148,227,227,240,240,240,256,266,266,280,280,280,306,406,586,586,617,617,696,696,711,288,299,316,396,396,114,141,209,236,86,127,151,163,163,163,203,203,203,59,90,90],"floor_reached":57,"playtime":3666,"items_purged":["Doubt","Strike_R","Strike_R","Writhe"],"score":3497,"play_id":"0120db50-1c60-48d4-9f12-945451f97f57","local_time":"20220308164835","is_ascension_mode":true,"campfire_choices":[{"data":"Whirlwind","floor":6,"key":"SMITH"},{"data":"Battle Trance","floor":8,"key":"SMITH"},{"data":"Bash","floor":11,"key":"SMITH"},{"data":"Barricade","floor":15,"key":"SMITH"},{"data":"Impervious","floor":23,"key":"SMITH"},{"data":"Body Slam","floor":25,"key":"SMITH"},{"data":"Entrench","floor":30,"key":"SMITH"},{"floor":32,"key":"REST"},{"data":"Impervious","floor":40,"key":"SMITH"},{"floor":49,"key":"RECALL"},{"data":"Burning Pact","floor":53,"key":"SMITH"}],"neow_cost":"NONE","seed_source_timestamp":1029288135546100,"circlet_count":0,"master_deck":["AscendersBane","Defend_R","Defend_R","Defend_R","Defend_R","Bash+1","Anger+1","Battle Trance+1","Whirlwind+1","Barricade+1","Impervious+1","Dark Embrace+1","Body Slam+1","Fiend Fire+1","Entrench+1","Impervious+1","Burning Pact+1","Shockwave+1","Parasite","Shrug It Off+1","Feel No Pain"],"relics":["Empty Cage","Toolbox","Paper Frog","Bag of Marbles","Singing Bowl","Cursed Key","MutagenicStrength","Ornamental Fan","Magic Flower","Gremlin Horn","CaptainsWheel","Sozu","Pocketwatch","Medical Kit","Pear","Juzu Bracelet","CeramicFish","Orrery","Whetstone"],"potions_floor_usage":[14,16,27],"damage_taken":[{"damage":1,"enemies":"2 Louse","floor":1,"turns":4},{"damage":0,"enemies":"Small Slimes","floor":2,"turns":3},{"damage":10,"enemies":"Lagavulin","floor":10,"turns":5},{"damage":0,"enemies":"Jaw Worm","floor":13,"turns":1},{"damage":0,"enemies":"Gremlin Nob","floor":14,"turns":2},{"damage":20,"enemies":"The Guardian","floor":16,"turns":12},{"damage":8,"enemies":"Shell Parasite","floor":18,"turns":3},{"damage":0,"enemies":"2 Thieves","floor":21,"turns":2},{"damage":1,"enemies":"Snecko","floor":22,"turns":4},{"damage":0,"enemies":"Centurion and Healer","floor":24,"turns":1},{"damage":0,"enemies":"Slavers","floor":27,"turns":1},{"damage":0,"enemies":"Colosseum Slavers","floor":28,"turns":1},{"damage":0,"enemies":"Colosseum Nobs","floor":28,"turns":1},{"damage":0,"enemies":"Gremlin Leader","floor":31,"turns":3},{"damage":0,"enemies":"Collector","floor":33,"turns":6},{"damage":0,"enemies":"3 Darklings","floor":35,"turns":1},{"damage":0,"enemies":"Orb Walker","floor":37,"turns":1},{"damage":0,"enemies":"Spire Growth","floor":38,"turns":1},{"damage":0,"enemies":"Jaw Worm Horde","floor":39,"turns":7},{"damage":0,"enemies":"Nemesis","floor":42,"turns":1},{"damage":0,"enemies":"Giant Head","floor":44,"turns":3},{"damage":0,"enemies":"Reptomancer","floor":46,"turns":3},{"damage":20,"enemies":"Writhing Mass","floor":47,"turns":4},{"damage":0,"enemies":"Transient","floor":48,"turns":5},{"damage":0,"enemies":"Time Eater","floor":50,"turns":4},{"damage":0,"enemies":"Donu and Deca","floor":51,"turns":9},{"damage":21,"enemies":"Shield and Spear","floor":55,"turns":4},{"damage":25,"enemies":"The Heart","floor":56,"turns":7}],"seed_played":"-4533353001119248843","potions_obtained":[{"floor":1,"key":"SpeedPotion"},{"floor":2,"key":"DistilledChaos"},{"floor":21,"key":"LiquidMemories"},{"floor":24,"key":"GamblersBrew"},{"floor":28,"key":"SteroidPotion"}],"is_trial":false,"path_per_floor":["M","M","?","$","?","R","$","R","T","E","R","?","M","E","R","B",null,"M","?","?","M","M","R","M","R","T","E","?","?","R","E","R","B",null,"M","$","M","M","M","R","$","E","T","E","$","E","M","M","R","B","B",null,"R","$","E","B",null],"character_chosen":"IRONCLAD","items_purchased":["Toolbox","Whirlwind","Pocketwatch","Medical Kit","Orrery"],"campfire_rested":1,"item_purchase_floors":[4,4,36,41,54],"current_hp_per_floor":[67,67,67,67,67,67,67,67,67,57,57,50,50,50,50,30,64,58,58,58,60,59,59,59,59,59,59,59,40,40,42,66,66,77,79,79,81,83,85,85,85,95,95,97,97,97,79,81,81,81,81,99,99,105,86,61],"gold":90,"neow_bonus":"BOSS_RELIC","is_prod":false,"is_daily":false,"chose_seed":false,"campfire_upgraded":9,"win_rate":0,"timestamp":1646776115,"path_taken":["M","M","?","$","?","R","?","R","T","E","R","?","M","E","R","BOSS","M","?","?","M","M","R","M","R","T","E","?","?","R","E","R","BOSS","M","$","?","M","M","R","$","E","T","E","$","E","M","M","R","BOSS","BOSS","R","$","E","BOSS"],"build_version":"2022-02-27","purchased_purges":4,"victory":true,"max_hp_per_floor":[75,75,75,75,75,75,75,75,75,75,75,75,75,75,75,75,75,77,77,77,79,79,79,79,79,79,79,79,79,79,81,81,81,81,83,83,85,87,89,89,89,99,99,101,101,101,103,105,105,105,105,105,105,111,113,113],"relic_stats":{"Singing Bowl":28,"Gremlin Horn":[7,13],"counters":[28,99],"CeramicFish":36,"Magic Flower":[0],"Juzu Bracelet":0,"Whetstone":["Anger","Fiend Fire"],"Cursed Key":1,"Medical Kit":[10],"Sozu":6,"Ornamental Fan":[36],"obtain_stats":[{"Pear":42,"Singing Bowl":14,"Gremlin Horn":28,"CeramicFish":46,"Magic Flower":28,"Juzu Bracelet":44,"Whetstone":55,"Empty Cage":0,"Cursed Key":17,"Medical Kit":41,"Burning Blood":0,"Sozu":34,"CaptainsWheel":31,"Ornamental Fan":27,"MutagenicStrength":20,"Toolbox":4,"Orrery":54,"Bag of Marbles":10,"Paper Frog":9,"Pocketwatch":36},{"Pear":20,"Singing Bowl":5,"Gremlin Horn":13,"CeramicFish":22,"Magic Flower":13,"Juzu Bracelet":21,"Whetstone":27,"Empty Cage":0,"Cursed Key":6,"Medical Kit":19,"Burning Blood":0,"Sozu":15,"CaptainsWheel":14,"Ornamental Fan":11,"MutagenicStrength":7,"Toolbox":2,"Orrery":26,"Bag of Marbles":3,"Paper Frog":2,"Pocketwatch":16},{"Pear":60,"Singing Bowl":15,"Gremlin Horn":40,"CeramicFish":66,"Magic Flower":40,"Juzu Bracelet":63,"Whetstone":92,"Empty Cage":0,"Cursed Key":27,"Medical Kit":59,"Burning Blood":0,"Sozu":49,"CaptainsWheel":43,"Ornamental Fan":38,"MutagenicStrength":30,"Toolbox":7,"Orrery":88,"Bag of Marbles":12,"Paper Frog":7,"Pocketwatch":50}],"Pocketwatch":[45]},"card_choices":[{"not_picked":["Hemokinesis","Headbutt"],"picked":"Anger","floor":1},{"not_picked":["Shrug It Off","Flame Barrier"],"picked":"Battle Trance","floor":2},{"not_picked":["Fire Breathing","Blood for Blood","Sever Soul"],"picked":"SKIP","floor":10},{"not_picked":["Anger","Cleave","Warcry"],"picked":"SKIP","floor":13},{"not_picked":["Searing Blow","Twin Strike"],"picked":"Barricade","floor":14},{"not_picked":["Corruption","Offering"],"picked":"Impervious","floor":16},{"not_picked":["Cleave","Wild Strike","Seeing Red"],"picked":"Singing Bowl","floor":18},{"not_picked":["Thunderclap","Sword Boomerang","Flex"],"picked":"Singing Bowl","floor":21},{"not_picked":["Blood for Blood","Perfected Strike"],"picked":"Dark Embrace+1","floor":22},{"not_picked":["Clothesline","Havoc+1"],"picked":"Body Slam","floor":24},{"not_picked":["Power Through+1","Twin Strike"],"picked":"Fiend Fire","floor":27},{"not_picked":["Heavy Blade","Havoc+1"],"picked":"Entrench","floor":28},{"not_picked":["Fire Breathing","Flex","Bludgeon"],"picked":"Singing Bowl","floor":31},{"not_picked":["Limit Break","Offering"],"picked":"Impervious","floor":33},{"not_picked":["Evolve+1","Iron Wave","Wild Strike"],"picked":"Singing Bowl","floor":35},{"not_picked":["Cleave","Thunderclap","Twin Strike+1"],"picked":"Singing Bowl","floor":37},{"not_picked":["Wild Strike+1","Iron Wave+1","Clothesline+1"],"picked":"Singing Bowl","floor":38},{"not_picked":["Havoc","Fire Breathing","True Grit"],"picked":"Singing Bowl","floor":39},{"not_picked":["Cleave+1","Twin Strike"],"picked":"Burning Pact","floor":42},{"not_picked":["Immolate","True Grit","Carnage"],"picked":"Singing Bowl","floor":44},{"not_picked":["Battle Trance+1","Heavy Blade+1"],"picked":"Shockwave+1","floor":46},{"not_picked":["Clothesline","Sword Boomerang","Bloodletting"],"picked":"Singing Bowl","floor":47},{"not_picked":["Sword Boomerang+1","Searing Blow+1","Shockwave"],"picked":"Singing Bowl","floor":48},{"not_picked":["Intimidate","Barricade","Flex"],"picked":"Singing Bowl","floor":54},{"not_picked":["Heavy Blade+1","Twin Strike"],"picked":"Shrug It Off+1","floor":54},{"not_picked":["Reckless Charge","Flame Barrier"],"picked":"Feel No Pain","floor":54},{"not_picked":["Hemokinesis+1","Cleave","Havoc"],"picked":"Singing Bowl","floor":54},{"not_picked":["Sword Boomerang+1","Warcry","Anger+1"],"picked":"Singing Bowl","floor":54},{"not_picked":["Warcry","Evolve","Berserk"],"picked":"Singing Bowl","floor":55}],"player_experience":6422079,"relics_obtained":[{"floor":9,"key":"Paper Frog"},{"floor":10,"key":"Bag of Marbles"},{"floor":14,"key":"Singing Bowl"},{"floor":27,"key":"Ornamental Fan"},{"floor":28,"key":"Magic Flower"},{"floor":28,"key":"Gremlin Horn"},{"floor":31,"key":"CaptainsWheel"},{"floor":42,"key":"Pear"},{"floor":44,"key":"Juzu Bracelet"},{"floor":46,"key":"CeramicFish"},{"floor":55,"key":"Whetstone"}],"event_choices":[{"damage_healed":0,"gold_gain":150,"player_choice":"AGREE","damage_taken":0,"max_hp_gain":0,"max_hp_loss":0,"event_name":"Liars Game","floor":3,"gold_loss":0,"cards_obtained":["Doubt"]},{"damage_healed":0,"gold_gain":0,"player_choice":"Left Gold","damage_taken":0,"max_hp_gain":0,"max_hp_loss":0,"event_name":"World of Goop","floor":5,"gold_loss":3},{"cards_removed":["Strike_R"],"damage_healed":0,"gold_gain":0,"player_choice":"Card Removal","damage_taken":7,"max_hp_gain":0,"max_hp_loss":0,"event_name":"Golden Wing","floor":12,"gold_loss":0},{"damage_healed":0,"gold_gain":0,"player_choice":"Ignored","damage_taken":0,"max_hp_gain":0,"max_hp_loss":0,"event_name":"The Mausoleum","floor":19,"gold_loss":0},{"damage_healed":0,"gold_gain":0,"player_choice":"Inject Mutagens","damage_taken":0,"relics_obtained":["MutagenicStrength"],"max_hp_gain":0,"max_hp_loss":0,"event_name":"Drug Dealer","floor":20,"gold_loss":0},{"damage_healed":0,"gold_gain":0,"player_choice":"Fight","damage_taken":0,"max_hp_gain":0,"max_hp_loss":0,"event_name":"Colosseum","floor":28,"gold_loss":0},{"damage_healed":0,"gold_gain":0,"player_choice":"Fought Nobs","damage_taken":0,"max_hp_gain":0,"max_hp_loss":0,"event_name":"Colosseum","floor":28,"gold_loss":0},{"damage_healed":0,"gold_gain":180,"player_choice":"GOLD GOLD ","damage_taken":19,"max_hp_gain":0,"max_hp_loss":0,"event_name":"Knowing Skull","floor":29,"potions_obtained":[],"gold_loss":0,"cards_obtained":[]}],"is_beta":false,"boss_relics":[{"not_picked":["Black Star","Ectoplasm"],"picked":"Cursed Key"},{"not_picked":["SacredBark","Astrolabe"],"picked":"Sozu"}],"items_purged_floors":[4,36,41,45],"is_endless":false,"potions_floor_spawned":[1,2,21,24,28,28,38,42,46,47,48,55],"ascension_level":20}