{"gold_per_floor":[111,121,196,208,2,37,52,52,52,79,121,121,162,180,180,267,294,320,349,368,396,425,455,455,480,480,516,104,104,104,126,126,211,211,240,69,0,19,37,78,102,156,156,195,195,207,248,263,263,263,263,263,263,12,40,40],"floor_reached":57,"playtime":5107,"items_purged":["Strike_R","Bash"],"score":3373,"play_id":"76d138b6-c5d9-4881-b7b9-ccac91ae9fa5","local_time":"20220302181249","is_ascension_mode":true,"campfire_choices":[{"floor":8,"key":"REST"},{"data":"Dual Wield","floor":15,"key":"SMITH"},{"data":"Dual Wield","floor":24,"key":"SMITH"},{"floor":29,"key":"RECALL"},{"data":"Feel No Pain","floor":32,"key":"SMITH"},{"floor":45,"key":"REST"},{"floor":49,"key":"REST"},{"floor":53,"key":"REST"}],"neow_cost":"NONE","seed_source_timestamp":514496554947300,"circlet_count":0,"master_deck":["AscendersBane","Defend_R","Defend_R","Defend_R","Defend_R","Dual Wield+1","Offering","Apotheosis","Shrug It Off","Feel No Pain+1","Feel No Pain","Corruption","Reaper","Offering+1","Flex+1","Seeing Red+1","Clothesline","Shrug It Off","Pommel Strike","True Grit","Dual Wield+1","Flame Barrier","Dark Embrace","Discovery","Disarm","Juggernaut","Seeing Red+1","Madness","Madness","Corruption","Burning Pact","Sentinel","Battle Trance","Sentinel"],"relics":["Snecko Eye","CeramicFish","Pen Nib","White Beast Statue","Astrolabe","Self Forming Clay","Bottled Lightning","InkBottle","HandDrill","Fusion Hammer","OrangePellets","Red Mask","Turnip","Dead Branch","Letter Opener","FossilizedHelix","Lantern","Orrery","Orichalcum"],"potions_floor_usage":[6,7,14,16,19,21,23,23,25,56],"damage_taken":[{"damage":7,"enemies":"Cultist","floor":1,"turns":4},{"damage":9,"enemies":"Jaw Worm","floor":2,"turns":5},{"damage":0,"enemies":"2 Louse","floor":4,"turns":2},{"damage":0,"enemies":"Gremlin Nob","floor":6,"turns":1},{"damage":12,"enemies":"Exordium Wildlife","floor":7,"turns":3},{"damage":0,"enemies":"Looter","floor":10,"turns":1},{"damage":6,"enemies":"Lagavulin","floor":11,"turns":4},{"damage":39,"enemies":"Gremlin Nob","floor":13,"turns":4},{"damage":0,"enemies":"Large Slime","floor":14,"turns":2},{"damage":12,"enemies":"Hexaghost","floor":16,"turns":5},{"damage":12,"enemies":"2 Thieves","floor":18,"turns":4},{"damage":6,"enemies":"3 Byrds","floor":19,"turns":5},{"damage":12,"enemies":"Centurion and Healer","floor":20,"turns":4},{"damage":6,"enemies":"Snake Plant","floor":21,"turns":4},{"damage":12,"enemies":"Chosen and Byrds","floor":22,"turns":6},{"damage":16,"enemies":"Slavers","floor":23,"turns":3},{"damage":27,"enemies":"Gremlin Leader","floor":25,"turns":6},{"damage":8,"enemies":"Slavers","floor":27,"turns":6},{"damage":12,"enemies":"Centurion and Healer","floor":31,"turns":1},{"damage":34,"enemies":"Champ","floor":33,"turns":18},{"damage":6,"enemies":"3 Shapes","floor":35,"turns":2},{"damage":6,"enemies":"Orb Walker","floor":38,"turns":2},{"damage":6,"enemies":"Giant Head","floor":40,"turns":1},{"damage":0,"enemies":"Transient","floor":41,"turns":2},{"damage":14,"enemies":"2 Orb Walkers","floor":42,"turns":2},{"damage":3,"enemies":"Reptomancer","floor":44,"turns":2},{"damage":0,"enemies":"3 Darklings","floor":46,"turns":1},{"damage":0,"enemies":"Giant Head","floor":47,"turns":2},{"damage":0,"enemies":"Spire Growth","floor":48,"turns":2},{"damage":0,"enemies":"Time Eater","floor":50,"turns":3},{"damage":4,"enemies":"Donu and Deca","floor":51,"turns":3},{"damage":6,"enemies":"Shield and Spear","floor":55,"turns":1},{"damage":14,"enemies":"The Heart","floor":56,"turns":4}],"seed_played":"-771751035345772554","potions_obtained":[{"floor":2,"key":"AttackPotion"},{"floor":6,"key":"ColorlessPotion"},{"floor":10,"key":"BloodPotion"},{"floor":13,"key":"PowerPotion"},{"floor":14,"key":"PowerPotion"},{"floor":16,"key":"Swift Potion"},{"floor":19,"key":"Swift Potion"},{"floor":20,"key":"DistilledChaos"},{"floor":21,"key":"FearPotion"},{"floor":23,"key":"Fire Potion"},{"floor":25,"key":"Swift Potion"},{"floor":27,"key":"Block Potion"},{"floor":40,"key":"FairyPotion"},{"floor":42,"key":"DuplicationPotion"}],"is_trial":false,"path_per_floor":["M","M","?","M","$","E","M","R","T","M","E","?","E","M","R","B",null,"M","M","M","M","M","E","R","E","T","E","$","R","?","M","R","B",null,"M","$","?","M","?","E","M","?","T","E","R","M","E","M","R","B","B",null,"R","$","E","B",null],"character_chosen":"IRONCLAD","items_purchased":["Apotheosis","Dark Embrace","Discovery","HandDrill","OrangePellets","Orrery"],"campfire_rested":4,"item_purchase_floors":[5,28,28,28,36,54],"current_hp_per_floor":[61,52,41,41,41,41,29,51,51,51,45,45,6,21,21,9,59,75,74,75,75,75,71,71,74,74,69,69,69,69,75,75,48,68,75,75,75,75,61,75,75,61,61,58,75,75,75,75,75,75,75,75,75,75,75,61],"gold":40,"neow_bonus":"BOSS_RELIC","is_prod":false,"is_daily":false,"chose_seed":false,"campfire_upgraded":3,"win_rate":0,"timestamp":1646262769,"path_taken":["M","M","?","M","$","E","M","R","T","M","E","?","E","M","R","BOSS","M","M","M","?","M","E","R","E","T","E","$","R","?","M","R","BOSS","M","$","?","M","?","E","M","?","T","E","R","M","E","?","R","BOSS","BOSS","R","$","E","BOSS"],"build_version":"2022-02-27","purchased_purges":2,"victory":true,"max_hp_per_floor":[75,75,75,75,75,75,75,75,75,75,75,75,75,75,75,75,75,75,75,75,75,75,75,75,75,75,75,75,75,75,75,75,75,75,75,75,75,75,75,75,75,75,75,75,75,75,75,75,75,75,75,75,75,75,75,75],"relic_stats":{"counters":[33,115],"Self Forming Clay":[90],"CeramicFish":234,"Astrolabe":["Offering","Flex","Seeing Red"],"Dead Branch":[222],"Pen Nib":[25],"Letter Opener":[455],"Orichalcum":[0],"White Beast Statue":[0.0,0.0,0.0,0.4,0.0,0.6000000000000001,0.0,0.0,0.0,0.0,0.0,9.840795955200004],"OrangePellets":[27],"Snecko Eye":[181,196,175,190,-231],"Turnip":[2],"HandDrill":[30],"Bottled Lightning":"Apotheosis","obtain_stats":[{"Lantern":47,"Self Forming Clay":23,"CeramicFish":6,"Astrolabe":17,"Dead Branch":42,"Pen Nib":9,"Letter Opener":43,"Orichalcum":55,"Burning Blood":0,"White Beast Statue":13,"OrangePellets":36,"Snecko Eye":0,"Orrery":54,"Fusion Hammer":34,"Turnip":40,"HandDrill":28,"Red Mask":37,"Bottled Lightning":25,"InkBottle":27,"FossilizedHelix":44},{"Lantern":28,"Self Forming Clay":16,"CeramicFish":4,"Astrolabe":10,"Dead Branch":25,"Pen Nib":5,"Letter Opener":25,"Orichalcum":32,"Burning Blood":0,"White Beast Statue":8,"OrangePellets":21,"Snecko Eye":0,"Orrery":31,"Fusion Hammer":20,"Turnip":23,"HandDrill":18,"Red Mask":21,"Bottled Lightning":17,"InkBottle":18,"FossilizedHelix":26},{"Lantern":102,"Self Forming Clay":57,"CeramicFish":12,"Astrolabe":31,"Dead Branch":97,"Pen Nib":15,"Letter Opener":97,"Orichalcum":111,"Burning Blood":0,"White Beast Statue":24,"OrangePellets":90,"Snecko Eye":0,"Orrery":110,"Fusion Hammer":88,"Turnip":93,"HandDrill":69,"Red Mask":90,"Bottled Lightning":63,"InkBottle":69,"FossilizedHelix":99}],"InkBottle":[40],"FossilizedHelix":[29]},"card_choices":[{"not_picked":["Cleave","Heavy Blade"],"picked":"Dual Wield","floor":1},{"not_picked":["Sword Boomerang","Armaments"],"picked":"Perfected Strike","floor":2},{"not_picked":["Heavy Blade","Havoc"],"picked":"Offering","floor":4},{"not_picked":["Spot Weakness","Pommel Strike"],"picked":"Shrug It Off","floor":6},{"not_picked":["Combust","Clash","Iron Wave"],"picked":"SKIP","floor":7},{"not_picked":["Warcry","Iron Wave"],"picked":"Feel No Pain","floor":10},{"not_picked":["Armaments","Flex"],"picked":"Feel No Pain","floor":11},{"not_picked":["Uppercut","Heavy Blade"],"picked":"Corruption","floor":13},{"not_picked":["Flex","Heavy Blade","Metallicize"],"picked":"SKIP","floor":14},{"not_picked":["Flex","Heavy Blade","Metallicize"],"picked":"SKIP","floor":14},{"not_picked":["Feed","Impervious"],"picked":"Reaper","floor":16},{"not_picked":["Bloodletting","Armaments"],"picked":"Clothesline","floor":18},{"not_picked":["Sword Boomerang","Pommel Strike"],"picked":"Shrug It Off","floor":19},{"not_picked":["Thunderclap+1","Twin Strike"],"picked":"Pommel Strike","floor":20},{"not_picked":["Iron Wave","Rage"],"picked":"True Grit","floor":21},{"not_picked":["Twin Strike","Impervious"],"picked":"Dual Wield","floor":22},{"not_picked":["Armaments","Perfected Strike","Rampage"],"picked":"SKIP","floor":23},{"not_picked":["Armaments","Perfected Strike","Rampage"],"picked":"SKIP","floor":23},{"not_picked":["Flex","Blood for Blood","Sword Boomerang"],"picked":"SKIP","floor":25},{"not_picked":["Entrench+1","Uppercut"],"picked":"Flame Barrier","floor":27},{"not_picked":["Fire Breathing","Dropkick"],"picked":"Disarm","floor":31},{"not_picked":["Limit Break","Exhume"],"picked":"Juggernaut","floor":33},{"not_picked":["Headbutt","Pommel Strike+1"],"picked":"Seeing Red+1","floor":35},{"not_picked":["Iron Wave+1","Seeing Red+1","Warcry"],"picked":"SKIP","floor":38},{"not_picked":["Warcry+1","Intimidate"],"picked":"Corruption","floor":40},{"not_picked":["Ghostly Armor","Warcry"],"picked":"Burning Pact","floor":41},{"not_picked":["Heavy Blade","Battle Trance+1"],"picked":"Sentinel","floor":44},{"not_picked":["Combust+1","Twin Strike","Iron Wave"],"picked":"SKIP","floor":46},{"not_picked":["Headbutt","Anger"],"picked":"Battle Trance","floor":47},{"not_picked":["Cleave","Body Slam+1","True Grit"],"picked":"SKIP","floor":48},{"not_picked":["Perfected Strike+1","Carnage"],"picked":"Sentinel","floor":54},{"not_picked":["Clothesline","Sword Boomerang","Hemokinesis"],"picked":"SKIP","floor":55}],"player_experience":6377461,"relics_obtained":[{"floor":6,"key":"CeramicFish"},{"floor":9,"key":"Pen Nib"},{"floor":13,"key":"White Beast Statue"},{"floor":23,"key":"Self Forming Clay"},{"floor":25,"key":"Bottled Lightning"},{"floor":27,"key":"InkBottle"},{"floor":40,"key":"Turnip"},{"floor":42,"key":"Dead Branch"},{"floor":43,"key":"Letter Opener"},{"floor":44,"key":"FossilizedHelix"},{"floor":47,"key":"Lantern"},{"floor":55,"key":"Orichalcum"}],"event_choices":[{"damage_healed":0,"gold_gain":75,"player_choice":"Gather Gold","damage_taken":11,"max_hp_gain":0,"max_hp_loss":0,"event_name":"World of Goop","floor":3,"gold_loss":0},{"cards_removed":["Strike_R"],"damage_healed":0,"gold_gain":0,"player_choice":"Purged","damage_taken":0,"max_hp_gain":0,"max_hp_loss":0,"event_name":"Purifier","floor":12,"gold_loss":0},{"cards_removed":["Perfected Strike"],"damage_healed":0,"gold_gain":0,"player_choice":"Elegance","damage_taken":0,"max_hp_gain":0,"max_hp_loss":0,"event_name":"Back to Basics","floor":30,"gold_loss":0},{"damage_healed":0,"gold_gain":0,"player_choice":"Paid","damage_taken":0,"relics_obtained":["Red Mask"],"max_hp_gain":0,"max_hp_loss":0,"event_name":"Tomb of Lord Red Mask","floor":37,"gold_loss":69},{"damage_healed":0,"gold_gain":0,"player_choice":"Embrace Madness","damage_taken":14,"max_hp_gain":0,"max_hp_loss":0,"event_name":"Winding Halls","floor":39,"gold_loss":0,"cards_obtained":["Madness","Madness"]},{"damage_healed":0,"gold_gain":0,"player_choice":"Fight","damage_taken":0,"max_hp_gain":0,"max_hp_loss":0,"event_name":"Mysterious Sphere","floor":42,"gold_loss":0}],"is_beta":false,"boss_relics":[{"not_picked":["Sozu","Runic Cube"],"picked":"Astrolabe"},{"not_picked":["Cursed Key","Mark of Pain"],"picked":"Fusion Hammer"}],"items_purged_floors":[28,54],"is_endless":false,"potions_floor_spawned":[2,6,10,13,14,16,18,19,20,21,22,23,25,27,31,33,35,38,40,41,42,44,46,47,48,55],"ascension_level":20}