{"gold_per_floor":[118,128,143,155,22,57,57,82,82,82,157,169,169,94,94,168,168,185,235,235,251,271,271,298,298,298,298,312,75,104,135,135,210,210,221,58,58,73,87,116,40,68,95,132,173,173,173,208,208,208,208,208,208,50,91,91],"floor_reached":57,"playtime":4618,"items_purged":["Strike_R","Bash"],"score":3078,"play_id":"882bfb1d-0224-413a-8179-6704325200e9","local_time":"20220311153139","is_ascension_mode":true,"campfire_choices":[{"data":"Inflame","floor":7,"key":"SMITH"},{"data":"1","floor":10,"key":"LIFT"},{"data":"2","floor":13,"key":"LIFT"},{"data":"3","floor":15,"key":"LIFT"},{"data":"Corruption","floor":23,"key":"SMITH"},{"data":"Pommel Strike","floor":25,"key":"SMITH"},{"data":"Bloodletting","floor":27,"key":"SMITH"},{"data":"Rupture","floor":32,"key":"SMITH"},{"floor":46,"key":"RECALL"},{"data":"Dual Wield","floor":49,"key":"SMITH"},{"data":"Dark Embrace","floor":53,"key":"SMITH"}],"neow_cost":"NONE","seed_source_timestamp":1282917289004600,"circlet_count":0,"master_deck":["AscendersBane","Strike_R+1","Defend_R","Defend_R","Defend_R","Defend_R","Pommel Strike+1","Combust","Headbutt","Inflame+1","Shrug It Off","Reaper+1","Burning Pact","Anger","Corruption+1","Bloodletting+1","Thunderclap","Rupture+1","Dark Embrace+1","Shrug It Off","Reaper","Feed","Disarm+1","Shockwave","Dual Wield+1","Flex+1","Exhume","Sword Boomerang+1","Burning Pact","Demon Form"],"relics":["Empty Cage","Whetstone","Girya","Gambling Chip","Runic Cube","WingedGreaves","Lantern","Mummified Hand","Coffee Dripper","OrangePellets","Ancient Tea Set","Akabeko","Juzu Bracelet","Boot","CeramicFish","Singing Bowl","Unceasing Top","Bag of Preparation","Blood Vial"],"potions_floor_usage":[6,8,21,24,30,56],"damage_taken":[{"damage":2,"enemies":"2 Louse","floor":1,"turns":5},{"damage":3,"enemies":"Small Slimes","floor":2,"turns":4},{"damage":1,"enemies":"Cultist","floor":3,"turns":3},{"damage":8,"enemies":"3 Louse","floor":4,"turns":6},{"damage":10,"enemies":"Gremlin Nob","floor":6,"turns":3},{"damage":9,"enemies":"3 Sentries","floor":8,"turns":6},{"damage":9,"enemies":"Red Slaver","floor":12,"turns":5},{"damage":41,"enemies":"Slime Boss","floor":16,"turns":8},{"damage":45,"enemies":"2 Thieves","floor":18,"turns":5},{"damage":4,"enemies":"Chosen","floor":21,"turns":3},{"damage":29,"enemies":"Sentry and Sphere","floor":22,"turns":4},{"damage":26,"enemies":"Slavers","floor":24,"turns":4},{"damage":9,"enemies":"Snake Plant","floor":28,"turns":3},{"damage":17,"enemies":"Book of Stabbing","floor":30,"turns":3},{"damage":24,"enemies":"Gremlin Leader","floor":31,"turns":5},{"damage":5,"enemies":"Collector","floor":33,"turns":3},{"damage":40,"enemies":"3 Darklings","floor":35,"turns":4},{"damage":6,"enemies":"3 Shapes","floor":38,"turns":3},{"damage":12,"enemies":"Jaw Worm Horde","floor":39,"turns":2},{"damage":7,"enemies":"Giant Head","floor":40,"turns":2},{"damage":7,"enemies":"Reptomancer","floor":42,"turns":3},{"damage":36,"enemies":"Nemesis","floor":44,"turns":5},{"damage":30,"enemies":"Reptomancer","floor":45,"turns":4},{"damage":18,"enemies":"Giant Head","floor":48,"turns":4},{"damage":26,"enemies":"Donu and Deca","floor":50,"turns":3},{"damage":37,"enemies":"Time Eater","floor":51,"turns":4},{"damage":20,"enemies":"Shield and Spear","floor":55,"turns":3},{"damage":106,"enemies":"The Heart","floor":56,"turns":4}],"seed_played":"15016079122526987","potions_obtained":[{"floor":2,"key":"DuplicationPotion"},{"floor":3,"key":"Fire Potion"},{"floor":6,"key":"HeartOfIron"},{"floor":16,"key":"SneckoOil"},{"floor":21,"key":"Swift Potion"},{"floor":31,"key":"Weak Potion"},{"floor":33,"key":"BloodPotion"},{"floor":35,"key":"Swift Potion"},{"floor":38,"key":"LiquidMemories"}],"is_trial":false,"path_per_floor":["M","M","M","M","$","E","R","E","T","R","?","M","R","?","R","B",null,"M","?","?","M","M","R","E","R","T","R","M","$","E","E","R","B",null,"M","$","?","M","M","E","$","E","T","E","E","R","?","E","R","B","B",null,"R","$","E","B",null],"character_chosen":"IRONCLAD","items_purchased":["Shrug It Off","Dark Embrace","Shrug It Off","OrangePellets","Dual Wield","Bag of Preparation"],"campfire_rested":0,"item_purchase_floors":[5,29,29,36,41,54],"current_hp_per_floor":[66,63,62,54,54,44,44,59,59,59,48,48,48,48,48,29,64,41,41,41,53,32,32,39,39,39,39,40,40,55,55,55,73,75,78,78,78,81,84,87,87,86,86,63,89,89,89,92,92,84,80,97,97,97,108,111],"gold":91,"neow_bonus":"BOSS_RELIC","is_prod":false,"is_daily":false,"chose_seed":false,"campfire_upgraded":7,"win_rate":0,"timestamp":1647030699,"path_taken":["M","M","M","M","$","E","R","E","T","R","?","M","R","?","R","BOSS","M","?","?","M","M","R","E","R","T","R","M","$","E","E","R","BOSS","M","?","?","?","M","E","?","E","T","E","E","R","?","E","R","BOSS","BOSS","R","$","E","BOSS"],"build_version":"2022-03-07","purchased_purges":2,"victory":true,"max_hp_per_floor":[75,75,75,75,75,75,75,75,75,75,75,75,75,75,75,75,75,75,75,75,75,75,75,75,75,75,75,75,75,75,75,75,75,75,78,78,78,81,84,87,87,90,90,90,90,90,90,93,93,99,102,102,102,102,108,111],"relic_stats":{"Girya":3,"Singing Bowl":0,"counters":[28,111],"CeramicFish":36,"Juzu Bracelet":0,"Bag of Preparation":[4],"Whetstone":["Reaper","Strike_R"],"Ancient Tea Set":[6],"Boot":[28],"Blood Vial":0,"OrangePellets":[9],"Mummified Hand":[81],"Gambling Chip":[57],"WingedGreaves":3,"obtain_stats":[{"Girya":8,"Lantern":30,"Singing Bowl":45,"CeramicFish":44,"Juzu Bracelet":42,"Bag of Preparation":54,"Whetstone":6,"Empty Cage":0,"Ancient Tea Set":37,"Boot":43,"Burning Blood":0,"Akabeko":40,"Blood Vial":55,"OrangePellets":36,"Mummified Hand":31,"Gambling Chip":9,"WingedGreaves":24,"Coffee Dripper":34,"Unceasing Top":48,"Runic Cube":17},{"Girya":6,"Lantern":14,"Singing Bowl":23,"CeramicFish":22,"Juzu Bracelet":21,"Bag of Preparation":26,"Whetstone":5,"Empty Cage":0,"Ancient Tea Set":17,"Boot":21,"Burning Blood":0,"Akabeko":20,"Blood Vial":27,"OrangePellets":17,"Mummified Hand":15,"Gambling Chip":6,"WingedGreaves":12,"Coffee Dripper":16,"Unceasing Top":24,"Runic Cube":8},{"Girya":27,"Lantern":62,"Singing Bowl":93,"CeramicFish":89,"Juzu Bracelet":84,"Bag of Preparation":104,"Whetstone":21,"Empty Cage":0,"Ancient Tea Set":74,"Boot":84,"Burning Blood":0,"Akabeko":81,"Blood Vial":107,"OrangePellets":74,"Mummified Hand":67,"Gambling Chip":27,"WingedGreaves":56,"Coffee Dripper":70,"Unceasing Top":97,"Runic Cube":40}],"Unceasing Top":[0],"Runic Cube":[111]},"card_choices":[{"not_picked":["Twin Strike","Dark Embrace"],"picked":"Pommel Strike","floor":1},{"not_picked":["Perfected Strike","Flame Barrier"],"picked":"Combust","floor":2},{"not_picked":["Twin Strike","Heavy Blade"],"picked":"Headbutt","floor":3},{"not_picked":["True Grit","Shockwave"],"picked":"Inflame","floor":4},{"not_picked":["Fire Breathing","Battle Trance"],"picked":"Reaper","floor":6},{"not_picked":["Seeing Red","Metallicize"],"picked":"Burning Pact","floor":8},{"not_picked":["Pommel Strike","Havoc"],"picked":"Anger","floor":12},{"not_picked":["Double Tap","Juggernaut"],"picked":"Corruption","floor":16},{"not_picked":["Anger","Body Slam","True Grit"],"picked":"SKIP","floor":18},{"not_picked":["Pommel Strike","Sword Boomerang"],"picked":"Bloodletting","floor":21},{"not_picked":["Pommel Strike","Ghostly Armor","Perfected Strike"],"picked":"SKIP","floor":22},{"not_picked":["Whirlwind","Twin Strike"],"picked":"Thunderclap","floor":24},{"not_picked":["Juggernaut","Battle Trance"],"picked":"Rupture","floor":28},{"not_picked":["Hemokinesis","Combust"],"picked":"Reaper","floor":30},{"not_picked":["Berserk","Thunderclap","Iron Wave"],"picked":"SKIP","floor":31},{"not_picked":["Reaper","Corruption"],"picked":"Feed","floor":33},{"not_picked":["Feel No Pain","Battle Trance"],"picked":"Disarm+1","floor":35},{"not_picked":["Rampage","Body Slam","Warcry"],"picked":"SKIP","floor":38},{"not_picked":["Perfected Strike","Wild Strike"],"picked":"Shockwave","floor":39},{"not_picked":["Warcry","Headbutt+1","Twin Strike"],"picked":"SKIP","floor":40},{"not_picked":["Warcry","Headbutt+1","Twin Strike"],"picked":"SKIP","floor":40},{"not_picked":["Heavy Blade","Clash"],"picked":"Flex+1","floor":42},{"not_picked":["Cleave+1","Sentinel"],"picked":"Exhume","floor":44},{"not_picked":["Warcry","Shrug It Off"],"picked":"Sword Boomerang+1","floor":45},{"not_picked":["Ghostly Armor","Iron Wave"],"picked":"Burning Pact","floor":48},{"not_picked":["Burning Pact","Intimidate+1"],"picked":"Demon Form","floor":55}],"player_experience":6450175,"relics_obtained":[{"floor":6,"key":"Whetstone"},{"floor":8,"key":"Girya"},{"floor":9,"key":"Gambling Chip"},{"floor":24,"key":"WingedGreaves"},{"floor":30,"key":"Lantern"},{"floor":31,"key":"Mummified Hand"},{"floor":40,"key":"Akabeko"},{"floor":42,"key":"Juzu Bracelet"},{"floor":43,"key":"Boot"},{"floor":44,"key":"CeramicFish"},{"floor":45,"key":"Singing Bowl"},{"floor":48,"key":"Unceasing Top"},{"floor":55,"key":"Blood Vial"}],"event_choices":[{"damage_healed":0,"gold_gain":75,"player_choice":"Gather Gold","damage_taken":11,"max_hp_gain":0,"max_hp_loss":0,"event_name":"World of Goop","floor":11,"gold_loss":0},{"cards_removed":["Strike_R"],"damage_healed":0,"gold_gain":0,"player_choice":"Card Removal","damage_taken":0,"max_hp_gain":0,"max_hp_loss":0,"event_name":"The Cleric","floor":14,"gold_loss":75},{"damage_healed":0,"gold_gain":50,"player_choice":"Stole From Cult","damage_taken":0,"max_hp_gain":0,"max_hp_loss":0,"event_name":"Nest","floor":19,"gold_loss":0},{"damage_healed":0,"gold_gain":0,"player_choice":"0 cards matched","damage_taken":0,"max_hp_gain":0,"max_hp_loss":0,"event_name":"Match and Keep!","floor":20,"gold_loss":0,"cards_obtained":[]},{"damage_healed":0,"gold_gain":0,"player_choice":"Gave Potion","damage_taken":0,"relics_obtained":["Ancient Tea Set"],"max_hp_gain":0,"max_hp_loss":0,"event_name":"WeMeetAgain","floor":37,"gold_loss":0},{"damage_healed":0,"gold_gain":0,"player_choice":"Got Potions","damage_taken":0,"max_hp_gain":0,"max_hp_loss":0,"event_name":"Lab","floor":47,"gold_loss":0}],"is_beta":false,"boss_relics":[{"not_picked":["SlaversCollar","Velvet Choker"],"picked":"Runic Cube"},{"not_picked":["Tiny House","Busted Crown"],"picked":"Coffee Dripper"}],"items_purged_floors":[5,29],"is_endless":false,"potions_floor_spawned":[2,3,6,16,18,21,31,33,35,38,40],"ascension_level":20}