{"gold_per_floor":[110,110,128,128,152,183,183,223,223,25,25,39,39,83,83,181,181,204,254,267,267,267,303,303,334,383,423,436,469,482,501,501,591,591,605,626,143,157,157,201,222,255,280,280,298,317,335,373,373,373,373,373,373,19,60,60],"floor_reached":57,"playtime":5326,"items_purged":["Bite","Bite"],"score":3034,"play_id":"e58bf2fb-6cb1-4378-a3af-9b858ba7b5fd","local_time":"20220319170141","is_ascension_mode":true,"campfire_choices":[{"data":"Uppercut","floor":7,"key":"SMITH"},{"data":"Apotheosis","floor":11,"key":"SMITH"},{"floor":15,"key":"REST"},{"data":"Immolate","floor":24,"key":"SMITH"},{"data":"Inflame","floor":32,"key":"SMITH"},{"floor":44,"key":"RECALL"},{"data":"Juggernaut","floor":49,"key":"SMITH"},{"data":"Feel No Pain","floor":53,"key":"SMITH"}],"neow_cost":"NONE","seed_source_timestamp":1975176386573200,"circlet_count":0,"master_deck":["AscendersBane","Defend_R","Defend_R","Defend_R","Defend_R","Bash","Feel No Pain","Headbutt","Clothesline","Uppercut+1","Carnage","Feel No Pain","Apotheosis+1","Infernal Blade","Immolate+1","Disarm","Dual Wield+1","Bite","Bite","Bite","Shrug It Off","Flame Barrier","Inflame+1","Reaper","Spot Weakness+1","Feed","Dual Wield","Dark Embrace","True Grit","Corruption","Bludgeon","Feel No Pain+1","Juggernaut+1","Offering","True Grit"],"relics":["SlaversCollar","Golden Idol","Strawberry","Pear","Oddly Smooth Stone","Paper Frog","Snecko Eye","MealTicket","Orichalcum","Happy Flower","Lantern","Centennial Puzzle","Coffee Dripper","Bottled Lightning","Vajra","Self Forming Clay","Bag of Marbles","Medical Kit","Anchor"],"potions_floor_usage":[6,8,14,23,27,42,56,56],"damage_taken":[{"damage":14,"enemies":"Small Slimes","floor":1,"turns":4},{"damage":9,"enemies":"Jaw Worm","floor":3,"turns":4},{"damage":0,"enemies":"Cultist","floor":5,"turns":3},{"damage":16,"enemies":"3 Sentries","floor":6,"turns":13},{"damage":3,"enemies":"Lagavulin","floor":8,"turns":6},{"damage":19,"enemies":"Large Slime","floor":12,"turns":8},{"damage":16,"enemies":"Gremlin Nob","floor":14,"turns":4},{"damage":2,"enemies":"The Guardian","floor":16,"turns":7},{"damage":0,"enemies":"Spheric Guardian","floor":18,"turns":3},{"damage":19,"enemies":"2 Thieves","floor":20,"turns":2},{"damage":9,"enemies":"Gremlin Leader","floor":23,"turns":6},{"damage":16,"enemies":"Book of Stabbing","floor":25,"turns":4},{"damage":0,"enemies":"Gremlin Leader","floor":27,"turns":4},{"damage":10,"enemies":"Centurion and Healer","floor":28,"turns":5},{"damage":4,"enemies":"Book of Stabbing","floor":29,"turns":3},{"damage":5,"enemies":"Cultist and Chosen","floor":30,"turns":4},{"damage":6,"enemies":"Chosen and Byrds","floor":31,"turns":4},{"damage":30,"enemies":"Champ","floor":33,"turns":9},{"damage":30,"enemies":"3 Darklings","floor":35,"turns":7},{"damage":26,"enemies":"Orb Walker","floor":36,"turns":5},{"damage":42,"enemies":"Maw","floor":38,"turns":7},{"damage":9,"enemies":"Nemesis","floor":40,"turns":5},{"damage":25,"enemies":"Spire Growth","floor":41,"turns":6},{"damage":46,"enemies":"Reptomancer","floor":42,"turns":4},{"damage":12,"enemies":"4 Shapes","floor":45,"turns":8},{"damage":23,"enemies":"Transient","floor":46,"turns":6},{"damage":10,"enemies":"Sphere and 2 Shapes","floor":47,"turns":3},{"damage":6,"enemies":"Giant Head","floor":48,"turns":4},{"damage":37,"enemies":"Awakened One","floor":50,"turns":7},{"damage":33,"enemies":"Time Eater","floor":51,"turns":8},{"damage":27,"enemies":"Shield and Spear","floor":55,"turns":4},{"damage":80,"enemies":"The Heart","floor":56,"turns":8}],"seed_played":"7801659950392114498","potions_obtained":[{"floor":1,"key":"GamblersBrew"},{"floor":5,"key":"ElixirPotion"},{"floor":8,"key":"Dexterity Potion"},{"floor":12,"key":"ElixirPotion"},{"floor":20,"key":"DuplicationPotion"},{"floor":25,"key":"AttackPotion"},{"floor":27,"key":"Swift Potion"},{"floor":31,"key":"Strength Potion"},{"floor":46,"key":"SteroidPotion"}],"is_trial":false,"path_per_floor":["M","?","M","?","M","E","R","E","T","$","R","M","$","E","R","B",null,"M","?","M","?","?","E","R","E","T","E","M","E","M","M","R","B",null,"M","M","$","M","?","E","M","E","T","R","M","M","M","E","R","B","B",null,"R","$","E","B",null],"character_chosen":"IRONCLAD","items_purchased":["Apotheosis","Bottled Lightning","Dark Embrace","True Grit","Medical Kit","DuplicationPotion"],"campfire_rested":1,"item_purchase_floors":[10,37,37,37,54,54],"current_hp_per_floor":[54,54,45,45,45,36,36,43,43,43,43,24,24,8,33,31,72,72,72,53,53,53,59,59,57,57,59,59,59,54,54,54,36,53,63,50,65,45,45,46,49,64,64,64,91,87,95,107,107,111,88,108,108,115,116,75],"gold":60,"neow_bonus":"BOSS_RELIC","is_prod":false,"is_daily":false,"chose_seed":false,"campfire_upgraded":6,"win_rate":0,"timestamp":1647723701,"path_taken":["M","?","M","?","M","E","R","E","T","$","R","M","?","E","R","BOSS","M","?","?","?","?","E","R","E","T","E","M","E","M","M","R","BOSS","M","M","$","M","?","E","?","E","T","R","?","M","M","E","R","BOSS","BOSS","R","$","E","BOSS"],"build_version":"2022-03-07","purchased_purges":2,"victory":true,"max_hp_per_floor":[75,75,75,68,68,75,75,85,85,85,85,85,85,85,85,85,85,85,85,85,85,59,59,59,59,59,59,59,59,59,59,59,59,59,63,67,67,71,71,75,79,79,79,79,91,91,103,107,107,111,115,115,115,115,119,123],"relic_stats":{"Centennial Puzzle":[51],"Happy Flower":[37],"counters":[32,175],"Golden Idol":227,"Self Forming Clay":[102],"Snecko Eye":[225,217,243,238,-191],"MealTicket":22,"Bottled Lightning":"Apotheosis","Orichalcum":[126],"Medical Kit":[4],"obtain_stats":[{"Lantern":27,"Pear":8,"Happy Flower":26,"Golden Idol":4,"Self Forming Clay":42,"Oddly Smooth Stone":9,"Vajra":40,"Orichalcum":25,"Medical Kit":54,"Burning Blood":0,"SlaversCollar":0,"Centennial Puzzle":29,"Anchor":55,"Strawberry":6,"Snecko Eye":17,"MealTicket":23,"Coffee Dripper":34,"Bag of Marbles":48,"Bottled Lightning":37,"Paper Frog":14},{"Lantern":13,"Pear":5,"Happy Flower":12,"Golden Idol":2,"Self Forming Clay":24,"Oddly Smooth Stone":5,"Vajra":22,"Orichalcum":12,"Medical Kit":30,"Burning Blood":0,"SlaversCollar":0,"Centennial Puzzle":15,"Anchor":31,"Strawberry":4,"Snecko Eye":8,"MealTicket":11,"Coffee Dripper":18,"Bag of Marbles":28,"Bottled Lightning":20,"Paper Frog":7},{"Lantern":68,"Pear":30,"Happy Flower":64,"Golden Idol":8,"Self Forming Clay":127,"Oddly Smooth Stone":30,"Vajra":117,"Orichalcum":64,"Medical Kit":163,"Burning Blood":0,"SlaversCollar":0,"Centennial Puzzle":76,"Anchor":167,"Strawberry":24,"Snecko Eye":49,"MealTicket":60,"Coffee Dripper":93,"Bag of Marbles":148,"Bottled Lightning":105,"Paper Frog":42}]},"card_choices":[{"not_picked":["Rage","Anger"],"picked":"Feel No Pain","floor":1},{"not_picked":["Sentinel","Twin Strike"],"picked":"Clothesline","floor":3},{"not_picked":["Rampage","Sword Boomerang"],"picked":"Uppercut","floor":5},{"not_picked":["Bludgeon","Heavy Blade"],"picked":"Carnage","floor":6},{"not_picked":["Clothesline","Body Slam"],"picked":"Feel No Pain","floor":8},{"not_picked":["Metallicize","Iron Wave","Clash"],"picked":"SKIP","floor":12},{"not_picked":["Perfected Strike","Clothesline"],"picked":"Infernal Blade","floor":14},{"not_picked":["Impervious","Berserk"],"picked":"Immolate","floor":16},{"not_picked":["Heavy Blade","Iron Wave"],"picked":"Disarm","floor":18},{"not_picked":["True Grit","Dark Embrace"],"picked":"Dual Wield+1","floor":20},{"not_picked":["Flex","Clash"],"picked":"Shrug It Off","floor":23},{"not_picked":["Armaments","Searing Blow"],"picked":"Flame Barrier","floor":25},{"not_picked":["Pummel","Berserk"],"picked":"Inflame","floor":27},{"not_picked":["Cleave","Armaments","Battle Trance"],"picked":"SKIP","floor":28},{"not_picked":["Wild Strike","Armaments","Clash+1"],"picked":"SKIP","floor":29},{"not_picked":["Clothesline+1","Anger"],"picked":"Reaper","floor":30},{"not_picked":["Warcry","Whirlwind"],"picked":"Spot Weakness+1","floor":31},{"not_picked":["Offering","Berserk"],"picked":"Feed","floor":33},{"not_picked":["Pommel Strike","Battle Trance"],"picked":"Dual Wield","floor":35},{"not_picked":["Seeing Red","Clothesline","Havoc"],"picked":"SKIP","floor":36},{"not_picked":["Clash","Ghostly Armor+1"],"picked":"Corruption","floor":38},{"not_picked":["Carnage","Rage+1","Combust"],"picked":"SKIP","floor":40},{"not_picked":["Entrench+1","Cleave"],"picked":"Feel No Pain","floor":41},{"not_picked":["Bludgeon","Clothesline+1"],"picked":"Juggernaut","floor":42},{"not_picked":["Perfected Strike","Clothesline","Havoc"],"picked":"SKIP","floor":45},{"not_picked":["Infernal Blade","Flex+1","Intimidate"],"picked":"SKIP","floor":46},{"not_picked":["Perfected Strike+1","Pommel Strike"],"picked":"Offering","floor":47},{"not_picked":["Havoc","Heavy Blade","Clothesline"],"picked":"SKIP","floor":48},{"not_picked":["Heavy Blade","Clothesline"],"picked":"True Grit","floor":55}],"player_experience":6508163,"relics_obtained":[{"floor":6,"key":"Strawberry"},{"floor":8,"key":"Pear"},{"floor":9,"key":"Oddly Smooth Stone"},{"floor":14,"key":"Paper Frog"},{"floor":23,"key":"MealTicket"},{"floor":25,"key":"Orichalcum"},{"floor":26,"key":"Happy Flower"},{"floor":27,"key":"Lantern"},{"floor":29,"key":"Centennial Puzzle"},{"floor":40,"key":"Vajra"},{"floor":42,"key":"Self Forming Clay"},{"floor":48,"key":"Bag of Marbles"},{"floor":55,"key":"Anchor"}],"event_choices":[{"damage_healed":0,"gold_gain":0,"cards_transformed":["Strike_R"],"player_choice":"Change","damage_taken":0,"max_hp_gain":0,"max_hp_loss":0,"event_name":"Living Wall","floor":2,"gold_loss":0,"cards_obtained":["Headbutt"]},{"damage_healed":0,"gold_gain":0,"player_choice":"Lose Max HP","damage_taken":0,"relics_obtained":["Golden Idol"],"max_hp_gain":0,"max_hp_loss":7,"event_name":"Golden Idol","floor":4,"gold_loss":0},{"damage_healed":0,"gold_gain":50,"player_choice":"Pray","damage_taken":0,"max_hp_gain":0,"max_hp_loss":0,"event_name":"Golden Shrine","floor":19,"gold_loss":0},{"cards_removed":["Strike_R"],"damage_healed":0,"gold_gain":0,"player_choice":"Elegance","damage_taken":0,"max_hp_gain":0,"max_hp_loss":0,"event_name":"Back to Basics","floor":21,"gold_loss":0},{"damage_healed":0,"gold_gain":0,"player_choice":"Became a vampire","damage_taken":0,"max_hp_gain":0,"max_hp_loss":26,"event_name":"Vampires","floor":22,"gold_loss":0,"cards_obtained":["Bite","Bite","Bite","Bite","Bite"]},{"damage_healed":0,"gold_gain":0,"player_choice":"1 cards matched","damage_taken":0,"max_hp_gain":0,"max_hp_loss":0,"event_name":"Match and Keep!","floor":39,"gold_loss":0,"cards_obtained":["Bludgeon"]}],"is_beta":false,"boss_relics":[{"not_picked":["SacredBark","Calling Bell"],"picked":"Snecko Eye"},{"not_picked":["Tiny House","Cursed Key"],"picked":"Coffee Dripper"}],"items_purged_floors":[37,54],"is_endless":false,"potions_floor_spawned":[1,5,8,12,20,25,27,29,31,35,38,41,46,48,55],"ascension_level":20}