{"gold_per_floor":[111,124,140,150,150,150,179,179,233,6,22,22,22,52,52,126,126,142,10,10,30,50,50,83,83,108,136,186,214,229,262,262,336,336,351,351,1350,1350,618,618,652,667,667,337,337,356,356,391,391,391,391,391,391,15,43,43],"floor_reached":57,"playtime":4002,"items_purged":["Strike_R","Strike_R","Strike_R","Pain","Strike_R+1"],"score":3513,"play_id":"1e7e2eae-7ff1-44cf-9ffb-df6cdd859403","local_time":"20220315175844","is_ascension_mode":true,"campfire_choices":[{"data":"Uppercut","floor":6,"key":"SMITH"},{"data":"Searing Blow","floor":8,"key":"SMITH"},{"data":"Searing Blow+1","floor":12,"key":"SMITH"},{"data":"Searing Blow+2","floor":15,"key":"SMITH"},{"data":"Searing Blow+3","floor":23,"key":"SMITH"},{"floor":25,"key":"REST"},{"data":"Searing Blow+4","floor":32,"key":"SMITH"},{"data":"Searing Blow+5","floor":40,"key":"SMITH"},{"data":"Searing Blow+6","floor":47,"key":"SMITH"},{"floor":49,"key":"RECALL"},{"data":"Searing Blow+7","floor":53,"key":"SMITH"}],"neow_cost":"NONE","seed_source_timestamp":1634360698540700,"circlet_count":0,"master_deck":["AscendersBane","Strike_R+1","Defend_R","Defend_R","Defend_R","Defend_R+1","Bash+1","Blood for Blood+1","Shrug It Off","Uppercut+1","Searing Blow+8","Armaments","Flame Barrier","Offering","Corruption","Shrug It Off+1","Dark Embrace+1","Burning Pact","Exhume","Shrug It Off","Panache+1","Chrysalis","Dark Shackles","Combust+1","Inflame+1","Feel No Pain+1","Feel No Pain+1","Shrug It Off","Armaments","Sentinel","Panache+1","Dark Embrace+1","Exhume","Fire Breathing+1","Secret Technique"],"relics":["Snecko Eye","Gremlin Horn","Anchor","Happy Flower","Membership Card","Turnip","SacredBark","Ancient Tea Set","The Courier","Omamori","Darkstone Periapt","Frozen Egg 2","Lantern","Cursed Key","Whetstone","War Paint","Ice Cream","Champion Belt","Mummified Hand","DollysMirror","Potion Belt","Bottled Tornado","Pantograph","Mango","CaptainsWheel","Lee\u0027s Waffle","Boot","Art of War"],"potions_floor_usage":[14,17,31,51,56,56],"damage_taken":[{"damage":2,"enemies":"Jaw Worm","floor":1,"turns":4},{"damage":4,"enemies":"Small Slimes","floor":2,"turns":3},{"damage":0,"enemies":"2 Louse","floor":3,"turns":2},{"damage":0,"enemies":"Large Slime","floor":4,"turns":4},{"damage":4,"enemies":"Lagavulin","floor":7,"turns":5},{"damage":0,"enemies":"Looter","floor":11,"turns":2},{"damage":0,"enemies":"3 Sentries","floor":14,"turns":5},{"damage":6,"enemies":"Slime Boss","floor":16,"turns":5},{"damage":0,"enemies":"2 Thieves","floor":18,"turns":3},{"damage":0,"enemies":"3 Byrds","floor":21,"turns":4},{"damage":6,"enemies":"Cultist and Chosen","floor":22,"turns":4},{"damage":6,"enemies":"Gremlin Leader","floor":24,"turns":4},{"damage":11,"enemies":"Slavers","floor":27,"turns":6},{"damage":0,"enemies":"Book of Stabbing","floor":29,"turns":4},{"damage":0,"enemies":"Chosen and Byrds","floor":30,"turns":4},{"damage":0,"enemies":"Slavers","floor":31,"turns":3},{"damage":6,"enemies":"Automaton","floor":33,"turns":5},{"damage":0,"enemies":"3 Shapes","floor":35,"turns":4},{"damage":0,"enemies":"Giant Head","floor":41,"turns":4},{"damage":0,"enemies":"Orb Walker","floor":42,"turns":2},{"damage":6,"enemies":"Transient","floor":46,"turns":3},{"damage":0,"enemies":"Reptomancer","floor":48,"turns":2},{"damage":12,"enemies":"Donu and Deca","floor":50,"turns":3},{"damage":13,"enemies":"Time Eater","floor":51,"turns":6},{"damage":0,"enemies":"Shield and Spear","floor":55,"turns":1},{"damage":2,"enemies":"The Heart","floor":56,"turns":5}],"seed_played":"8429547538677189769","potions_obtained":[{"floor":1,"key":"FearPotion"},{"floor":4,"key":"Fruit Juice"},{"floor":18,"key":"Weak Potion"},{"floor":29,"key":"LiquidBronze"},{"floor":30,"key":"Explosive Potion"},{"floor":31,"key":"BloodPotion"},{"floor":33,"key":"AttackPotion"},{"floor":46,"key":"ElixirPotion"},{"floor":48,"key":"FearPotion"},{"floor":55,"key":"PowerPotion"}],"is_trial":false,"path_per_floor":["M","M","M","M","?","R","E","R","T","$","M","R","?","E","R","B",null,"M","$","?","M","M","R","E","R","T","E","?","E","M","E","R","B",null,"M","?","?","?","$","R","E","M","T","$","?","M","R","E","R","B","B",null,"R","$","E","B",null],"character_chosen":"IRONCLAD","items_purchased":["Membership Card","Armaments","Ancient Tea Set","Whetstone","War Paint","Ice Cream","Champion Belt","Mummified Hand","Combust+1","Inflame+1","Feel No Pain+1","DollysMirror","Potion Belt","Pantograph","Mango","Sentinel","Lee\u0027s Waffle","Boot","PowerPotion","Block Potion","Fire Breathing+1","Secret Technique"],"campfire_rested":1,"item_purchase_floors":[10,10,19,39,39,39,39,39,39,39,39,39,39,44,44,44,54,54,54,54,54,54],"current_hp_per_floor":[66,62,62,62,51,51,47,47,47,47,47,47,24,24,24,18,71,71,71,46,46,40,40,34,61,61,50,50,50,50,50,50,44,79,79,79,79,69,69,69,69,69,75,89,89,83,83,83,83,93,92,102,102,112,112,110],"gold":43,"neow_bonus":"BOSS_RELIC","is_prod":false,"is_daily":false,"chose_seed":false,"campfire_upgraded":9,"win_rate":0,"timestamp":1647381524,"path_taken":["M","M","M","M","?","R","E","R","T","$","M","R","?","E","R","BOSS","M","$","?","M","M","R","E","R","T","E","?","E","M","E","R","BOSS","M","?","?","?","$","R","E","M","T","$","?","?","R","E","R","BOSS","BOSS","R","$","E","BOSS"],"build_version":"2022-03-07","purchased_purges":5,"victory":true,"max_hp_per_floor":[75,75,75,75,75,75,75,75,75,75,75,75,75,75,75,75,85,85,85,90,90,90,90,90,90,90,90,90,90,90,90,90,90,90,90,85,85,85,85,85,85,85,91,105,105,105,105,105,105,105,105,105,105,112,112,112],"relic_stats":{"Darkstone Periapt":6,"Ice Cream":[116],"Lee\u0027s Waffle":10,"Gremlin Horn":[27,27],"Happy Flower":[26],"counters":[26,97],"The Courier":2226,"Omamori":2,"Whetstone":["Blood for Blood","Strike_R"],"War Paint":["Defend_R","Shrug It Off"],"Bottled Tornado":"Corruption","Ancient Tea Set":[14],"Cursed Key":1,"Boot":[0],"Mummified Hand":[86],"Pantograph":34,"Snecko Eye":[162,162,160,176,-49],"Turnip":[3],"Art of War":[2],"Membership Card":2226,"Champion Belt":[10],"obtain_stats":[{"Darkstone Periapt":27,"Ice Cream":39,"Lantern":31,"Gremlin Horn":5,"SacredBark":17,"Mango":44,"Whetstone":39,"Bottled Tornado":41,"Ancient Tea Set":19,"Cursed Key":34,"Boot":54,"Burning Blood":0,"Mummified Hand":39,"DollysMirror":39,"Pantograph":44,"Potion Belt":39,"Lee\u0027s Waffle":54,"Happy Flower":9,"The Courier":24,"Omamori":26,"Frozen Egg 2":29,"War Paint":39,"Anchor":7,"CaptainsWheel":48,"Snecko Eye":0,"Turnip":14,"Art of War":55,"Membership Card":10,"Champion Belt":39},{"Darkstone Periapt":13,"Ice Cream":18,"Lantern":16,"Gremlin Horn":4,"SacredBark":8,"Mango":20,"Whetstone":18,"Bottled Tornado":19,"Ancient Tea Set":9,"Cursed Key":17,"Boot":24,"Burning Blood":0,"Mummified Hand":18,"DollysMirror":18,"Pantograph":20,"Potion Belt":18,"Lee\u0027s Waffle":24,"Happy Flower":5,"The Courier":12,"Omamori":12,"Frozen Egg 2":14,"War Paint":18,"Anchor":5,"CaptainsWheel":22,"Snecko Eye":0,"Turnip":7,"Art of War":25,"Membership Card":5,"Champion Belt":18},{"Darkstone Periapt":51,"Ice Cream":71,"Lantern":62,"Gremlin Horn":13,"SacredBark":30,"Mango":77,"Whetstone":71,"Bottled Tornado":75,"Ancient Tea Set":33,"Cursed Key":67,"Boot":91,"Burning Blood":0,"Mummified Hand":71,"DollysMirror":71,"Pantograph":77,"Potion Belt":71,"Lee\u0027s Waffle":91,"Happy Flower":18,"The Courier":45,"Omamori":45,"Frozen Egg 2":55,"War Paint":71,"Anchor":18,"CaptainsWheel":82,"Snecko Eye":0,"Turnip":25,"Art of War":92,"Membership Card":18,"Champion Belt":71}]},"card_choices":[{"not_picked":["Feel No Pain","Wild Strike"],"picked":"Blood for Blood","floor":1},{"not_picked":["Cleave","Rampage"],"picked":"Shrug It Off","floor":2},{"not_picked":["Iron Wave","Heavy Blade"],"picked":"Uppercut","floor":3},{"not_picked":["Body Slam","Twin Strike","Seeing Red"],"picked":"SKIP","floor":4},{"not_picked":["Fire Breathing","Carnage"],"picked":"Searing Blow","floor":7},{"not_picked":["Power Through","Hemokinesis"],"picked":"Flame Barrier","floor":11},{"not_picked":["Cleave","Pummel"],"picked":"Offering","floor":14},{"not_picked":["Feed","Reaper"],"picked":"Corruption","floor":16},{"not_picked":["Blood for Blood","Heavy Blade","Pummel+1"],"picked":"SKIP","floor":18},{"not_picked":["Clash","Iron Wave","Searing Blow"],"picked":"SKIP","floor":21},{"not_picked":["Rampage+1","Reckless Charge"],"picked":"Shrug It Off","floor":22},{"not_picked":["Burning Pact","Sever Soul"],"picked":"Dark Embrace+1","floor":24},{"not_picked":["Clothesline","Infernal Blade","Rampage"],"picked":"SKIP","floor":27},{"not_picked":["Thunderclap","Uppercut","Whirlwind"],"picked":"SKIP","floor":29},{"not_picked":["Headbutt","Wild Strike"],"picked":"Burning Pact","floor":30},{"not_picked":["Seeing Red","Hemokinesis","Wild Strike"],"picked":"SKIP","floor":31},{"not_picked":["Brutality+1","Immolate"],"picked":"Exhume","floor":33},{"not_picked":["Havoc","True Grit"],"picked":"Shrug It Off","floor":35},{"not_picked":["Jack Of All Trades","Good Instincts"],"picked":"Panache+1","floor":38},{"not_picked":["The Bomb","Sadistic Nature+1"],"picked":"Chrysalis","floor":38},{"not_picked":["Trip","Deep Breath"],"picked":"Dark Shackles","floor":38},{"not_picked":["Warcry+1","Headbutt"],"picked":"Shrug It Off","floor":41},{"not_picked":["Rupture+1","Twin Strike"],"picked":"Armaments","floor":42},{"not_picked":["Shrug It Off","Wild Strike"],"picked":"Dark Embrace+1","floor":46},{"not_picked":["Fire Breathing+1","Clash"],"picked":"Exhume","floor":48},{"not_picked":["Pommel Strike","Havoc","Clash"],"picked":"SKIP","floor":55}],"player_experience":6478946,"relics_obtained":[{"floor":7,"key":"Anchor"},{"floor":9,"key":"Happy Flower"},{"floor":14,"key":"Turnip"},{"floor":24,"key":"The Courier"},{"floor":26,"key":"Omamori"},{"floor":27,"key":"Darkstone Periapt"},{"floor":29,"key":"Frozen Egg 2"},{"floor":31,"key":"Lantern"},{"floor":41,"key":"Bottled Tornado"},{"floor":48,"key":"CaptainsWheel"},{"floor":55,"key":"Art of War"}],"event_choices":[{"damage_healed":0,"gold_gain":0,"player_choice":"Success","damage_taken":11,"relics_obtained":["Gremlin Horn"],"max_hp_gain":0,"max_hp_loss":0,"event_name":"Scrap Ooze","floor":5,"gold_loss":0},{"damage_healed":0,"gold_gain":0,"player_choice":"Entered Light","damage_taken":23,"max_hp_gain":0,"max_hp_loss":0,"event_name":"Shining Light","floor":13,"gold_loss":0,"cards_upgraded":["Bash","Strike_R"]},{"damage_healed":0,"gold_gain":0,"player_choice":"Shed Blood","damage_taken":30,"max_hp_gain":5,"max_hp_loss":0,"event_name":"Forgotten Altar","floor":20,"gold_loss":0},{"damage_healed":0,"gold_gain":50,"player_choice":"Stole From Cult","damage_taken":0,"max_hp_gain":0,"max_hp_loss":0,"event_name":"Nest","floor":28,"gold_loss":0},{"damage_healed":0,"gold_gain":0,"player_choice":"Max HP","damage_taken":0,"max_hp_gain":0,"max_hp_loss":5,"event_name":"Winding Halls","floor":36,"gold_loss":0},{"damage_healed":0,"gold_gain":999,"player_choice":"Gold","damage_taken":0,"max_hp_gain":0,"max_hp_loss":0,"event_name":"MindBloom","floor":37,"gold_loss":0,"cards_obtained":["Normality","Normality"]},{"damage_healed":0,"gold_gain":0,"player_choice":"Memory 3","damage_taken":10,"max_hp_gain":0,"max_hp_loss":0,"event_name":"SensoryStone","floor":38,"gold_loss":0},{"damage_healed":0,"gold_gain":0,"player_choice":"Copied","damage_taken":0,"max_hp_gain":0,"max_hp_loss":0,"event_name":"Duplicator","floor":45,"gold_loss":0,"cards_obtained":["Panache"]}],"is_beta":false,"boss_relics":[{"not_picked":["Philosopher\u0027s Stone","Runic Cube"],"picked":"SacredBark"},{"not_picked":["Velvet Choker","Runic Dome"],"picked":"Cursed Key"}],"items_purged_floors":[10,19,39,44,54],"is_endless":false,"potions_floor_spawned":[1,4,18,29,30,31,33,46,48,55],"ascension_level":20}