{"gold_per_floor":[418,430,189,154,167,167,3,3,3,3,19,53,53,81,81,157,157,175,175,175,185,185],"floor_reached":22,"playtime":1363,"items_purged":["Strike_R"],"score":388,"play_id":"db5a6ed5-a58e-4261-8177-b26bc2f5e34f","local_time":"20220318160125","is_ascension_mode":true,"campfire_choices":[{"data":"Spot Weakness","floor":6,"key":"SMITH"},{"data":"Sword Boomerang","floor":8,"key":"SMITH"},{"data":"True Grit","floor":10,"key":"SMITH"},{"floor":15,"key":"REST"}],"neow_cost":"NONE","seed_source_timestamp":1889183569138200,"circlet_count":0,"master_deck":["AscendersBane","Strike_R","Strike_R","Strike_R","Strike_R","Defend_R","Defend_R","Defend_R","Defend_R","Bash","CurseOfTheBell","Sword Boomerang+1","Burning Pact","True Grit+1","Spot Weakness+1","Anger","Shrug It Off","Consecrate","Backflip","Beam Cell","Venomology","Flechettes","Ghostly","Ghostly","Ghostly"],"relics":["Calling Bell","Boot","Kunai","Old Coin","PrismaticShard","Singing Bowl","Regal Pillow","Omamori","Runic Pyramid"],"potions_floor_usage":[12,13,21,22,22],"damage_taken":[{"damage":0,"enemies":"Cultist","floor":1,"turns":4},{"damage":7,"enemies":"Jaw Worm","floor":2,"turns":4},{"damage":0,"enemies":"2 Louse","floor":5,"turns":2},{"damage":4,"enemies":"Looter","floor":11,"turns":3},{"damage":25,"enemies":"3 Sentries","floor":12,"turns":7},{"damage":0,"enemies":"3 Louse","floor":13,"turns":1},{"damage":25,"enemies":"Lagavulin","floor":14,"turns":7},{"damage":56,"enemies":"The Guardian","floor":16,"turns":11},{"damage":14,"enemies":"3 Byrds","floor":18,"turns":5},{"damage":1,"enemies":"Chosen","floor":21,"turns":7},{"damage":52,"enemies":"Snecko","floor":22,"turns":8}],"seed_played":"-220184513507247131","potions_obtained":[{"floor":11,"key":"Swift Potion"},{"floor":12,"key":"SmokeBomb"},{"floor":16,"key":"Swift Potion"}],"is_trial":false,"path_per_floor":["M","M","$","?","M","R","$","R","T","R","M","E","M","E","R","B",null,"M","?","?","M","M"],"character_chosen":"IRONCLAD","items_purchased":["True Grit","Spot Weakness","Anger","PrismaticShard"],"campfire_rested":1,"item_purchase_floors":[3,3,3,7],"current_hp_per_floor":[68,61,61,75,75,75,75,75,75,75,71,46,46,21,58,2,57,43,58,37,38,0],"gold":185,"neow_bonus":"BOSS_RELIC","is_prod":false,"is_daily":false,"chose_seed":false,"campfire_upgraded":3,"win_rate":0,"timestamp":1647633685,"path_taken":["M","M","?","?","M","R","$","R","T","R","M","E","M","E","R","BOSS","M","?","?","M","M"],"build_version":"2022-03-07","purchased_purges":1,"victory":false,"max_hp_per_floor":[75,75,75,75,75,75,75,75,75,75,75,75,75,75,75,75,75,75,75,37,39,39],"relic_stats":{"Regal Pillow":15,"Singing Bowl":2,"counters":[11,59],"Omamori":0,"Kunai":[13],"Boot":[84],"obtain_stats":[{"Calling Bell":0,"Regal Pillow":12,"Singing Bowl":9,"Omamori":14,"Kunai":0,"Boot":0,"PrismaticShard":7,"Burning Blood":0,"Old Coin":0,"Runic Pyramid":17},{"Calling Bell":0,"Regal Pillow":5,"Singing Bowl":3,"Omamori":7,"Kunai":0,"Boot":0,"PrismaticShard":3,"Burning Blood":0,"Old Coin":0,"Runic Pyramid":8},{"Calling Bell":0,"Regal Pillow":20,"Singing Bowl":10,"Omamori":28,"Kunai":0,"Boot":0,"PrismaticShard":10,"Burning Blood":0,"Old Coin":0,"Runic Pyramid":39}]},"card_choices":[{"not_picked":["Perfected Strike","Iron Wave"],"picked":"Sword Boomerang","floor":1},{"not_picked":["Fire Breathing","Clash"],"picked":"Burning Pact","floor":2},{"not_picked":["Spot Weakness","Hemokinesis"],"picked":"Shrug It Off","floor":5},{"not_picked":["Flying Knee","PathToVictory"],"picked":"Consecrate","floor":11},{"not_picked":["Poisoned Stab","Hello World"],"picked":"Backflip","floor":12},{"not_picked":["Fiend Fire","FlyingSleeves"],"picked":"Beam Cell","floor":14},{"not_picked":["Core Surge","Unload"],"picked":"Venomology","floor":16},{"not_picked":["Pommel Strike","CrushJoints"],"picked":"Flechettes","floor":18},{"not_picked":["Heavy Blade+1","Forethought","Uppercut"],"picked":"Singing Bowl","floor":21}],"player_experience":6505374,"relics_obtained":[{"floor":0,"key":"Boot"},{"floor":0,"key":"Kunai"},{"floor":0,"key":"Old Coin"},{"floor":9,"key":"Singing Bowl"},{"floor":12,"key":"Regal Pillow"},{"floor":14,"key":"Omamori"}],"event_choices":[{"damage_healed":18,"gold_gain":0,"player_choice":"Healed","damage_taken":0,"max_hp_gain":0,"max_hp_loss":0,"event_name":"The Cleric","floor":4,"gold_loss":35},{"damage_healed":15,"gold_gain":0,"player_choice":"Heal","damage_taken":0,"max_hp_gain":0,"max_hp_loss":0,"event_name":"The Library","floor":19,"gold_loss":0},{"damage_healed":0,"gold_gain":0,"player_choice":"Became a Ghost","damage_taken":0,"max_hp_gain":0,"max_hp_loss":38,"event_name":"Ghosts","floor":20,"gold_loss":0,"cards_obtained":["Ghostly","Ghostly","Ghostly"]}],"is_beta":false,"boss_relics":[{"not_picked":["Runic Cube","Mark of Pain"],"picked":"Runic Pyramid"}],"items_purged_floors":[3],"is_endless":false,"potions_floor_spawned":[11,12,13,16,18],"killed_by":"Snecko","ascension_level":20}