{"gold_per_floor":[118,118,136,155,168,168,201,201,254,279,279,315,315,333,333,426,426,447,447,163,182,205,243,243,279,279,279,320,5,21,44,44,137,137,160,176,191,215,240,281,296,315,315,94,427,456,456,476,476,476,476,476,476,58,86,86],"floor_reached":57,"playtime":6258,"items_purged":["Defend_R","Strike_R","Pain","Defend_R"],"score":2851,"play_id":"9fc7c435-0bb5-41c2-8d3f-5d70b5ebd109","local_time":"20220325182904","is_ascension_mode":true,"campfire_choices":[{"data":"Carnage","floor":6,"key":"SMITH"},{"data":"Armaments","floor":8,"key":"SMITH"},{"data":"Inflame","floor":15,"key":"SMITH"},{"data":"Whirlwind","floor":24,"key":"SMITH"},{"data":"Spot Weakness","floor":27,"key":"SMITH"},{"data":"Limit Break","floor":32,"key":"SMITH"},{"floor":47,"key":"RECALL"},{"data":"Disarm","floor":49,"key":"SMITH"},{"data":"Feel No Pain","floor":53,"key":"SMITH"}],"neow_cost":"NONE","seed_source_timestamp":2497879950815100,"circlet_count":0,"master_deck":["AscendersBane","Strike_R","Strike_R","Bash","Armaments+1","Pommel Strike","Carnage+1","Pummel","Inflame+1","Inflame","Pommel Strike","Flame Barrier","Reaper","Pommel Strike+1","Bloodletting+1","Warcry+1","Shrug It Off","Whirlwind+1","Warcry+1","Spot Weakness+1","Disarm+1","Limit Break+1","Headbutt","Reaper","Inflame+1","Burning Pact+1","Whirlwind","PanicButton","Burning Pact","Feel No Pain+1","Shockwave+1","Pummel","Offering","Violence"],"relics":["Coffee Dripper","Ornamental Fan","MealTicket","Shuriken","Astrolabe","Chemical X","Sundial","Self Forming Clay","Singing Bowl","Gremlin Horn","Membership Card","Cursed Key","Unceasing Top","Bottled Lightning","Brimstone","Nunchaku","Orrery","Happy Flower","Oddly Smooth Stone"],"potions_floor_usage":[12,21,22,23,38,55,56,56],"damage_taken":[{"damage":7,"enemies":"Small Slimes","floor":1,"turns":3},{"damage":7,"enemies":"Jaw Worm","floor":3,"turns":3},{"damage":1,"enemies":"Cultist","floor":4,"turns":3},{"damage":10,"enemies":"Exordium Thugs","floor":5,"turns":4},{"damage":15,"enemies":"3 Sentries","floor":7,"turns":6},{"damage":1,"enemies":"Gremlin Gang","floor":10,"turns":4},{"damage":4,"enemies":"Gremlin Nob","floor":12,"turns":3},{"damage":1,"enemies":"3 Louse","floor":14,"turns":4},{"damage":16,"enemies":"The Guardian","floor":16,"turns":9},{"damage":5,"enemies":"2 Thieves","floor":18,"turns":3},{"damage":5,"enemies":"Shell Parasite","floor":21,"turns":2},{"damage":22,"enemies":"Shelled Parasite and Fungi","floor":22,"turns":3},{"damage":23,"enemies":"Book of Stabbing","floor":23,"turns":4},{"damage":29,"enemies":"Gremlin Leader","floor":25,"turns":6},{"damage":7,"enemies":"Slavers","floor":28,"turns":2},{"damage":3,"enemies":"Snake Plant","floor":30,"turns":2},{"damage":3,"enemies":"Cultist and Chosen","floor":31,"turns":2},{"damage":16,"enemies":"Automaton","floor":33,"turns":4},{"damage":0,"enemies":"3 Darklings","floor":35,"turns":1},{"damage":6,"enemies":"3 Shapes","floor":36,"turns":3},{"damage":10,"enemies":"3 Darklings","floor":37,"turns":4},{"damage":31,"enemies":"4 Shapes","floor":38,"turns":5},{"damage":56,"enemies":"Spire Growth","floor":39,"turns":4},{"damage":0,"enemies":"Reptomancer","floor":40,"turns":2},{"damage":0,"enemies":"Jaw Worm Horde","floor":41,"turns":1},{"damage":0,"enemies":"4 Shapes","floor":42,"turns":1},{"damage":11,"enemies":"Giant Head","floor":46,"turns":4},{"damage":3,"enemies":"Maw","floor":48,"turns":4},{"damage":22,"enemies":"Time Eater","floor":50,"turns":4},{"damage":64,"enemies":"Donu and Deca","floor":51,"turns":4},{"damage":3,"enemies":"Shield and Spear","floor":55,"turns":1},{"damage":139,"enemies":"The Heart","floor":56,"turns":8}],"seed_played":"3743982501502059534","potions_obtained":[{"floor":3,"key":"FearPotion"},{"floor":7,"key":"Dexterity Potion"},{"floor":14,"key":"Energy Potion"},{"floor":21,"key":"EssenceOfSteel"},{"floor":23,"key":"FearPotion"},{"floor":28,"key":"Block Potion"},{"floor":30,"key":"DuplicationPotion"},{"floor":41,"key":"SteroidPotion"},{"floor":55,"key":"SteroidPotion"}],"is_trial":false,"path_per_floor":["M","?","M","M","M","R","E","R","T","M","?","E","?","M","R","B",null,"M","?","$","M","M","E","R","E","T","R","E","$","M","M","R","B",null,"M","M","M","M","M","E","M","M","T","$","?","E","R","M","R","B","B",null,"R","$","E","B",null],"character_chosen":"IRONCLAD","items_purchased":["Whirlwind","Chemical X","Membership Card","Limit Break","Headbutt","Brimstone","Whirlwind","PanicButton","Orrery","Happy Flower","Offering","Violence"],"campfire_rested":0,"item_purchase_floors":[20,20,29,29,29,44,44,44,54,54,54,54],"current_hp_per_floor":[61,61,54,53,43,43,28,28,28,27,49,45,40,39,39,23,57,60,60,68,63,58,40,40,42,42,42,46,61,60,59,59,43,66,68,74,78,69,44,82,84,86,86,86,86,86,86,86,86,79,86,86,86,92,91,13],"gold":86,"neow_bonus":"BOSS_RELIC","is_prod":false,"is_daily":false,"chose_seed":false,"campfire_upgraded":8,"win_rate":0,"timestamp":1648247344,"path_taken":["M","?","M","M","M","R","E","R","T","M","?","E","?","M","R","BOSS","M","?","?","?","M","E","R","E","T","R","E","$","?","M","R","BOSS","M","M","M","M","M","E","M","M","T","$","?","E","R","M","R","BOSS","BOSS","R","$","E","BOSS"],"build_version":"2022-03-07","purchased_purges":4,"victory":true,"max_hp_per_floor":[75,68,68,68,68,68,68,68,68,68,68,68,68,68,68,68,68,68,68,68,68,68,68,68,68,68,68,70,70,72,74,74,74,74,76,78,78,78,80,82,84,86,86,86,86,86,86,86,86,86,86,86,86,92,94,94],"relic_stats":{"Singing Bowl":26,"Gremlin Horn":[14,14],"Happy Flower":[3],"counters":[32,113],"Self Forming Clay":[150],"Astrolabe":["Pommel Strike","Bloodletting","Warcry"],"Cursed Key":1,"Nunchaku":[4],"Ornamental Fan":[136],"Shuriken":[31],"Sundial":[4],"MealTicket":23,"Chemical X":[30],"Membership Card":775,"Bottled Lightning":"Disarm","obtain_stats":[{"Singing Bowl":26,"Gremlin Horn":28,"Happy Flower":54,"Golden Idol":2,"Self Forming Clay":25,"Astrolabe":17,"Oddly Smooth Stone":55,"Cursed Key":34,"Burning Blood":0,"Nunchaku":46,"Ornamental Fan":7,"Shuriken":13,"Sundial":23,"Brimstone":44,"Orrery":54,"MealTicket":12,"Coffee Dripper":0,"Chemical X":20,"Membership Card":29,"Bottled Lightning":43,"Unceasing Top":40},{"Singing Bowl":14,"Gremlin Horn":15,"Happy Flower":30,"Golden Idol":1,"Self Forming Clay":14,"Astrolabe":9,"Oddly Smooth Stone":31,"Cursed Key":18,"Burning Blood":0,"Nunchaku":27,"Ornamental Fan":5,"Shuriken":7,"Sundial":13,"Brimstone":26,"Orrery":30,"MealTicket":7,"Coffee Dripper":0,"Chemical X":10,"Membership Card":15,"Bottled Lightning":26,"Unceasing Top":24},{"Singing Bowl":57,"Gremlin Horn":59,"Happy Flower":104,"Golden Idol":3,"Self Forming Clay":57,"Astrolabe":39,"Oddly Smooth Stone":105,"Cursed Key":67,"Burning Blood":0,"Nunchaku":92,"Ornamental Fan":19,"Shuriken":26,"Sundial":51,"Brimstone":88,"Orrery":104,"MealTicket":26,"Coffee Dripper":0,"Chemical X":42,"Membership Card":59,"Bottled Lightning":88,"Unceasing Top":86}],"Unceasing Top":[3]},"card_choices":[{"not_picked":["Blood for Blood","Body Slam"],"picked":"Armaments","floor":1},{"not_picked":["Thunderclap","Fire Breathing"],"picked":"Pommel Strike","floor":3},{"not_picked":["Warcry","Reckless Charge"],"picked":"Carnage","floor":4},{"not_picked":["Berserk","Clash"],"picked":"Pummel","floor":5},{"not_picked":["Armaments","Cleave"],"picked":"Inflame","floor":7},{"not_picked":["Wild Strike","Dark Embrace"],"picked":"Inflame","floor":10},{"not_picked":["Warcry","Berserk"],"picked":"Pommel Strike","floor":12},{"not_picked":["Entrench","Body Slam"],"picked":"Flame Barrier","floor":14},{"not_picked":["Immolate","Impervious"],"picked":"Reaper","floor":16},{"not_picked":["Sever Soul","Inflame"],"picked":"Shrug It Off","floor":18},{"not_picked":["Iron Wave","Havoc","Heavy Blade"],"picked":"SKIP","floor":21},{"not_picked":["Cleave","Bloodletting"],"picked":"Warcry+1","floor":22},{"not_picked":["Sentinel","Hemokinesis"],"picked":"Spot Weakness","floor":23},{"not_picked":["Uppercut","True Grit"],"picked":"Disarm","floor":25},{"not_picked":["Metallicize","Battle Trance","Sword Boomerang"],"picked":"Singing Bowl","floor":28},{"not_picked":["Headbutt","Twin Strike","Perfected Strike+1"],"picked":"Singing Bowl","floor":30},{"not_picked":["Bludgeon","Rage","Carnage+1"],"picked":"Singing Bowl","floor":31},{"not_picked":["Barricade","Fiend Fire"],"picked":"Reaper","floor":33},{"not_picked":["Iron Wave","Warcry","Heavy Blade"],"picked":"Singing Bowl","floor":35},{"not_picked":["Wild Strike","Twin Strike","Evolve"],"picked":"Singing Bowl","floor":36},{"not_picked":["Wild Strike","Havoc"],"picked":"Inflame+1","floor":37},{"not_picked":["Twin Strike","Shrug It Off"],"picked":"Burning Pact+1","floor":38},{"not_picked":["Perfected Strike","Thunderclap","Armaments"],"picked":"Singing Bowl","floor":39},{"not_picked":["Clash+1","Infernal Blade","Ghostly Armor+1"],"picked":"Singing Bowl","floor":40},{"not_picked":["Infernal Blade","Cleave","Armaments"],"picked":"Singing Bowl","floor":41},{"not_picked":["Cleave","Rage","Body Slam+1"],"picked":"Singing Bowl","floor":42},{"not_picked":["Heavy Blade","Dual Wield"],"picked":"Burning Pact","floor":46},{"not_picked":["Pommel Strike","Second Wind+1"],"picked":"Feel No Pain","floor":48},{"not_picked":["Twin Strike","Headbutt","Power Through"],"picked":"Singing Bowl","floor":54},{"not_picked":["Intimidate","Ghostly Armor","Body Slam"],"picked":"Singing Bowl","floor":54},{"not_picked":["Flame Barrier","Flex","Havoc"],"picked":"Singing Bowl","floor":54},{"not_picked":["Clash","Fiend Fire"],"picked":"Shockwave+1","floor":54},{"not_picked":["Hemokinesis","Immolate"],"picked":"Pummel","floor":54},{"not_picked":["Sword Boomerang","Combust","Clash"],"picked":"Singing Bowl","floor":55}],"player_experience":6563215,"relics_obtained":[{"floor":7,"key":"Ornamental Fan"},{"floor":12,"key":"MealTicket"},{"floor":23,"key":"Sundial"},{"floor":25,"key":"Self Forming Clay"},{"floor":26,"key":"Singing Bowl"},{"floor":28,"key":"Gremlin Horn"},{"floor":40,"key":"Unceasing Top"},{"floor":43,"key":"Bottled Lightning"},{"floor":46,"key":"Nunchaku"},{"floor":55,"key":"Oddly Smooth Stone"}],"event_choices":[{"damage_healed":0,"gold_gain":0,"player_choice":"Lose Max HP","damage_taken":0,"relics_obtained":["Golden Idol"],"max_hp_gain":0,"max_hp_loss":7,"event_name":"Golden Idol","floor":2,"gold_loss":0},{"damage_healed":22,"gold_gain":0,"player_choice":"Banana","damage_taken":0,"max_hp_gain":0,"max_hp_loss":0,"event_name":"Big Fish","floor":11,"gold_loss":0},{"damage_healed":0,"gold_gain":0,"player_choice":"Success","damage_taken":5,"relics_obtained":["Shuriken"],"max_hp_gain":0,"max_hp_loss":0,"event_name":"Scrap Ooze","floor":13,"gold_loss":0},{"cards_removed":["Strike_R"],"damage_healed":0,"gold_gain":0,"player_choice":"Purged","damage_taken":0,"max_hp_gain":0,"max_hp_loss":0,"event_name":"Purifier","floor":19,"gold_loss":0},{"damage_healed":0,"gold_gain":333,"player_choice":"Gave Idol","damage_taken":0,"max_hp_gain":0,"max_hp_loss":0,"event_name":"The Moai Head","floor":45,"relics_lost":["Golden Idol"],"gold_loss":0}],"is_beta":false,"boss_relics":[{"not_picked":["Mark of Pain","Tiny House"],"picked":"Astrolabe"},{"not_picked":["Pandora\u0027s Box","Runic Cube"],"picked":"Cursed Key"}],"items_purged_floors":[20,29,44,54],"is_endless":false,"potions_floor_spawned":[3,7,14,21,23,28,30,31,33,35,41,42,46,48,55],"ascension_level":20}