{"gold_per_floor":[109,127,127,127,145,145,175,193,193,193,265,283,312,331,331,408,408,425,425,448,498,498,524,524,80,105,105,127,152,176,202,202,282,282,294,317,344,344,362,392,428,428,428,456,471,508,533,547,547,547,547,547,547,155,183,183],"floor_reached":57,"playtime":6341,"items_purged":["Anger"],"score":3195,"play_id":"9dca7add-5a47-4bbb-8479-443ffbb39ac5","local_time":"20220324135954","is_ascension_mode":true,"campfire_choices":[{"data":"Pommel Strike","floor":6,"key":"SMITH"},{"data":"Pommel Strike","floor":10,"key":"SMITH"},{"data":"Demon Form","floor":15,"key":"SMITH"},{"data":"Offering","floor":24,"key":"SMITH"},{"floor":32,"key":"REST"},{"data":"Rupture","floor":42,"key":"SMITH"},{"floor":49,"key":"RECALL"},{"data":"Dark Embrace","floor":53,"key":"SMITH"}],"neow_cost":"NONE","seed_source_timestamp":2395248078319500,"circlet_count":0,"master_deck":["AscendersBane","Power Through","Fiend Fire","Demon Form+1","Uppercut","Warcry","Rupture+1","Armaments+1","Bloodletting","Pommel Strike+1","Pommel Strike+1","Offering+1","Limit Break+1","Sentinel+1","Burning Pact+1","Dark Embrace+1","True Grit","Havoc","Shockwave+1","Feed+1","Rage","Pommel Strike+1","Madness","Madness","Bloodletting","Shame","Regret","Feed+1","Battle Trance+1","Warcry+1","PanicButton"],"relics":["Pandora\u0027s Box","Oddly Smooth Stone","Eternal Feather","HornCleat","Astrolabe","Nilry\u0027s Codex","CeramicFish","Frozen Eye","Nunchaku","Toy Ornithopter","Blue Candle","White Beast Statue","Runic Pyramid","Centennial Puzzle","Sundial","Akabeko","Whetstone","Vajra","Bag of Marbles"],"potions_floor_usage":[7,29,30,36,40,44,45,55,56],"damage_taken":[{"damage":0,"enemies":"Jaw Worm","floor":1,"turns":2},{"damage":0,"enemies":"2 Louse","floor":2,"turns":2},{"damage":0,"enemies":"Small Slimes","floor":5,"turns":3},{"damage":23,"enemies":"3 Sentries","floor":7,"turns":6},{"damage":9,"enemies":"Exordium Wildlife","floor":8,"turns":4},{"damage":10,"enemies":"Looter","floor":12,"turns":3},{"damage":3,"enemies":"Lagavulin","floor":13,"turns":5},{"damage":0,"enemies":"Large Slime","floor":14,"turns":4},{"damage":10,"enemies":"Hexaghost","floor":16,"turns":4},{"damage":9,"enemies":"Chosen","floor":18,"turns":1},{"damage":11,"enemies":"Gremlin Leader","floor":23,"turns":4},{"damage":6,"enemies":"2 Thieves","floor":28,"turns":4},{"damage":9,"enemies":"Book of Stabbing","floor":29,"turns":3},{"damage":17,"enemies":"Centurion and Healer","floor":30,"turns":3},{"damage":9,"enemies":"Slavers","floor":31,"turns":3},{"damage":18,"enemies":"Champ","floor":33,"turns":6},{"damage":0,"enemies":"3 Shapes","floor":35,"turns":6},{"damage":10,"enemies":"3 Darklings","floor":36,"turns":9},{"damage":4,"enemies":"Spire Growth","floor":37,"turns":4},{"damage":11,"enemies":"Nemesis","floor":40,"turns":3},{"damage":9,"enemies":"Giant Head","floor":44,"turns":6},{"damage":15,"enemies":"Transient","floor":45,"turns":2},{"damage":6,"enemies":"Nemesis","floor":46,"turns":1},{"damage":7,"enemies":"3 Darklings","floor":47,"turns":6},{"damage":10,"enemies":"Sphere and 2 Shapes","floor":48,"turns":2},{"damage":42,"enemies":"Donu and Deca","floor":50,"turns":5},{"damage":38,"enemies":"Time Eater","floor":51,"turns":5},{"damage":12,"enemies":"Shield and Spear","floor":55,"turns":3},{"damage":59,"enemies":"The Heart","floor":56,"turns":9}],"seed_played":"8483830841125303529","potions_obtained":[{"floor":2,"key":"LiquidMemories"},{"floor":7,"key":"Weak Potion"},{"floor":12,"key":"SpeedPotion"},{"floor":14,"key":"LiquidBronze"},{"floor":33,"key":"Regen Potion"},{"floor":35,"key":"SpeedPotion"},{"floor":36,"key":"Swift Potion"},{"floor":37,"key":"BloodPotion"},{"floor":40,"key":"Fruit Juice"},{"floor":44,"key":"SpeedPotion"},{"floor":45,"key":"Explosive Potion"},{"floor":46,"key":"SteroidPotion"},{"floor":55,"key":"ColorlessPotion"}],"is_trial":false,"path_per_floor":["M","M","?","?","M","R","E","M","T","R","?","M","E","M","R","B",null,"M","?","T","?","?","E","R","$","T","$","M","E","M","E","R","B",null,"M","M","M","?","?","E","?","R","T","E","M","E","M","M","R","B","B",null,"R","$","E","B",null],"character_chosen":"IRONCLAD","items_purchased":["Dark Embrace","Frozen Eye","True Grit","Nunchaku","Swift Potion","Vajra","PanicButton"],"campfire_rested":1,"item_purchase_floors":[25,25,25,25,54,54,54],"current_hp_per_floor":[68,68,68,68,68,68,45,36,36,45,45,35,32,32,41,31,64,55,70,70,70,49,38,47,47,47,47,41,37,25,16,50,32,64,72,86,86,86,70,68,68,83,83,88,103,101,98,96,114,80,42,110,128,128,129,79],"gold":183,"neow_bonus":"BOSS_RELIC","is_prod":false,"is_daily":false,"chose_seed":false,"campfire_upgraded":6,"win_rate":0,"timestamp":1648144794,"path_taken":["M","M","?","?","M","R","E","M","T","R","?","M","E","M","R","BOSS","M","?","?","?","?","E","R","$","T","?","M","E","M","E","R","BOSS","M","M","M","?","?","E","?","R","T","E","?","E","M","M","R","BOSS","BOSS","R","$","E","BOSS"],"build_version":"2022-03-07","purchased_purges":1,"victory":true,"max_hp_per_floor":[75,75,75,75,75,75,75,75,75,75,75,75,75,75,75,75,75,75,75,75,75,75,75,75,75,75,75,75,75,75,75,75,75,75,83,87,91,91,91,95,95,95,95,104,108,112,116,124,124,132,132,132,132,132,140,144],"relic_stats":{"counters":[29,118],"Nilry\u0027s Codex":[3,12,10,40],"Astrolabe":["Limit Break","Sentinel","Burning Pact"],"CeramicFish":144,"Blue Candle":[23],"Eternal Feather":90,"Whetstone":["Feed","Feed"],"White Beast Statue":[0.0,0.0,0.0,0.4,0.0,0.6000000000000001,0.0,0.0,0.0,0.0,0.0,5.067108864000002],"Frozen Eye":626.6196,"Nunchaku":[20],"Centennial Puzzle":[27],"Sundial":[78],"Pandora\u0027s Box":["Power Through","Inflame","Fiend Fire","Demon Form","Uppercut","Warcry","Dropkick","Anger","Rupture"],"obtain_stats":[{"Nilry\u0027s Codex":22,"Astrolabe":17,"CeramicFish":23,"Blue Candle":29,"Oddly Smooth Stone":7,"Vajra":54,"Eternal Feather":9,"Whetstone":46,"Burning Blood":0,"White Beast Statue":31,"Akabeko":44,"Frozen Eye":25,"Nunchaku":25,"Centennial Puzzle":40,"HornCleat":13,"Sundial":43,"Pandora\u0027s Box":0,"Bag of Marbles":55,"Toy Ornithopter":26,"Runic Pyramid":34},{"Nilry\u0027s Codex":10,"Astrolabe":9,"CeramicFish":11,"Blue Candle":13,"Oddly Smooth Stone":4,"Vajra":27,"Eternal Feather":5,"Whetstone":23,"Burning Blood":0,"White Beast Statue":15,"Akabeko":21,"Frozen Eye":11,"Nunchaku":11,"Centennial Puzzle":20,"HornCleat":7,"Sundial":20,"Pandora\u0027s Box":0,"Bag of Marbles":28,"Toy Ornithopter":11,"Runic Pyramid":16},{"Nilry\u0027s Codex":34,"Astrolabe":33,"CeramicFish":38,"Blue Candle":45,"Oddly Smooth Stone":13,"Vajra":106,"Eternal Feather":17,"Whetstone":88,"Burning Blood":0,"White Beast Statue":51,"Akabeko":85,"Frozen Eye":38,"Nunchaku":38,"Centennial Puzzle":79,"HornCleat":25,"Sundial":79,"Pandora\u0027s Box":0,"Bag of Marbles":109,"Toy Ornithopter":38,"Runic Pyramid":57}],"Toy Ornithopter":40},"card_choices":[{"not_picked":["Flex","Thunderclap"],"picked":"Armaments","floor":1},{"not_picked":["Warcry","Rage"],"picked":"Bloodletting","floor":2},{"not_picked":["Clothesline","True Grit"],"picked":"Pommel Strike","floor":5},{"not_picked":["Wild Strike","Flex","Exhume"],"picked":"SKIP","floor":7},{"not_picked":["Flex","Wild Strike"],"picked":"Pommel Strike","floor":8},{"not_picked":["Headbutt","Clothesline","Iron Wave"],"picked":"SKIP","floor":12},{"not_picked":["Dual Wield","Blood for Blood","Clash"],"picked":"SKIP","floor":13},{"not_picked":["Hemokinesis","Sword Boomerang","Heavy Blade"],"picked":"SKIP","floor":14},{"not_picked":["Hemokinesis","Sword Boomerang","Heavy Blade"],"picked":"SKIP","floor":14},{"not_picked":["Impervious","Barricade"],"picked":"Offering","floor":16},{"not_picked":["Heavy Blade","Armaments","Havoc"],"picked":"SKIP","floor":18},{"not_picked":["Wild Strike+1","Armaments","Body Slam"],"picked":"SKIP","floor":23},{"not_picked":["Thunderclap","Metallicize"],"picked":"Havoc","floor":28},{"not_picked":["Flame Barrier","Clash","Ghostly Armor"],"picked":"SKIP","floor":29},{"not_picked":["Pommel Strike","Flex"],"picked":"Shockwave+1","floor":30},{"not_picked":["Brutality","Carnage","Dual Wield"],"picked":"SKIP","floor":31},{"not_picked":["Barricade","Bludgeon"],"picked":"Feed","floor":33},{"not_picked":["Wild Strike","Perfected Strike","Clash"],"picked":"SKIP","floor":35},{"not_picked":["Combust","Perfected Strike+1"],"picked":"Rage","floor":36},{"not_picked":["Shrug It Off","Sever Soul"],"picked":"Pommel Strike+1","floor":37},{"not_picked":["Clothesline","Iron Wave","Double Tap"],"picked":"SKIP","floor":40},{"not_picked":["Headbutt","Iron Wave","Shrug It Off"],"picked":"SKIP","floor":44},{"not_picked":["Clothesline","Infernal Blade","Flex"],"picked":"SKIP","floor":45},{"not_picked":["Pommel Strike+1","Rampage"],"picked":"Battle Trance+1","floor":46},{"not_picked":["Flex+1","Cleave"],"picked":"Warcry+1","floor":47},{"not_picked":["Spot Weakness","Armaments+1","Combust+1"],"picked":"SKIP","floor":55},{"not_picked":["Spot Weakness","Armaments+1","Combust+1"],"picked":"SKIP","floor":55}],"player_experience":6531000,"relics_obtained":[{"floor":7,"key":"Oddly Smooth Stone"},{"floor":9,"key":"Eternal Feather"},{"floor":13,"key":"HornCleat"},{"floor":22,"key":"Nilry\u0027s Codex"},{"floor":23,"key":"CeramicFish"},{"floor":26,"key":"Toy Ornithopter"},{"floor":29,"key":"Blue Candle"},{"floor":31,"key":"White Beast Statue"},{"floor":40,"key":"Centennial Puzzle"},{"floor":43,"key":"Sundial"},{"floor":44,"key":"Akabeko"},{"floor":46,"key":"Whetstone"},{"floor":55,"key":"Bag of Marbles"}],"event_choices":[{"damage_healed":0,"gold_gain":0,"player_choice":"Grow","damage_taken":0,"max_hp_gain":0,"max_hp_loss":0,"event_name":"Living Wall","floor":3,"gold_loss":0,"cards_upgraded":["Armaments"]},{"damage_healed":0,"gold_gain":0,"player_choice":"Leave","damage_taken":0,"max_hp_gain":0,"max_hp_loss":0,"event_name":"The Cleric","floor":4,"gold_loss":0},{"damage_healed":0,"gold_gain":72,"player_choice":"Gained Gold","damage_taken":0,"max_hp_gain":0,"max_hp_loss":0,"event_name":"Golden Wing","floor":11,"gold_loss":0},{"damage_healed":15,"gold_gain":0,"player_choice":"Heal","damage_taken":0,"max_hp_gain":0,"max_hp_loss":0,"event_name":"The Library","floor":19,"gold_loss":0},{"damage_healed":0,"gold_gain":50,"player_choice":"Stole From Cult","damage_taken":0,"max_hp_gain":0,"max_hp_loss":0,"event_name":"Nest","floor":21,"gold_loss":0},{"damage_healed":0,"gold_gain":0,"player_choice":"Obtained Book","damage_taken":21,"max_hp_gain":0,"max_hp_loss":0,"event_name":"Cursed Tome","floor":22,"gold_loss":0},{"damage_healed":0,"gold_gain":0,"player_choice":"Ignored","damage_taken":0,"max_hp_gain":0,"max_hp_loss":0,"event_name":"Tomb of Lord Red Mask","floor":38,"gold_loss":0},{"damage_healed":0,"gold_gain":0,"player_choice":"Embrace Madness","damage_taken":16,"max_hp_gain":0,"max_hp_loss":0,"event_name":"Winding Halls","floor":39,"gold_loss":0,"cards_obtained":["Madness","Madness"]},{"damage_healed":0,"gold_gain":0,"player_choice":"4 cards matched","damage_taken":0,"max_hp_gain":0,"max_hp_loss":0,"event_name":"Match and Keep!","floor":41,"gold_loss":0,"cards_obtained":["Bloodletting","Shame","Regret","Feed"]},{"damage_healed":0,"gold_gain":0,"player_choice":"4 cards matched","damage_taken":0,"max_hp_gain":0,"max_hp_loss":0,"event_name":"Match and Keep!","floor":41,"gold_loss":0,"cards_obtained":["Bloodletting","Shame","Regret","Feed"]},{"damage_healed":0,"gold_gain":0,"player_choice":"4 cards matched","damage_taken":0,"max_hp_gain":0,"max_hp_loss":0,"event_name":"Match and Keep!","floor":41,"gold_loss":0,"cards_obtained":["Bloodletting","Shame","Regret","Feed"]}],"is_beta":false,"boss_relics":[{"not_picked":["Snecko Eye","Ectoplasm"],"picked":"Astrolabe"},{"not_picked":["SlaversCollar","Mark of Pain"],"picked":"Runic Pyramid"}],"items_purged_floors":[54],"is_endless":false,"potions_floor_spawned":[2,7,12,14,23,28,33,35,36,37,40,44,45,46,47,48,55],"ascension_level":20}