{"gold_per_floor":[119,136,147,147,197,232,232,262,262,262],"floor_reached":10,"playtime":775,"items_purged":[],"score":152,"play_id":"f6f0352c-ad11-452c-a84a-b31e11ebb16d","local_time":"20220407174727","is_ascension_mode":true,"campfire_choices":[{"data":"Hemokinesis","floor":7,"key":"SMITH"}],"neow_cost":"NONE","seed_source_timestamp":193634810787300,"circlet_count":0,"master_deck":["AscendersBane","Strike_R","Strike_R","Strike_R","Strike_R","Strike_R","Defend_R","Defend_R","Defend_R","Defend_R","Bash","Hemokinesis+1","Thunderclap","Rupture","Demon Form","Shrug It Off"],"relics":["Burning Blood","Strawberry","Tiny Chest","White Beast Statue","Orichalcum"],"potions_floor_usage":[6,8],"damage_taken":[{"damage":6,"enemies":"Jaw Worm","floor":1,"turns":5},{"damage":9,"enemies":"Small Slimes","floor":2,"turns":3},{"damage":3,"enemies":"Cultist","floor":3,"turns":3},{"damage":39,"enemies":"3 Sentries","floor":6,"turns":7},{"damage":32,"enemies":"Lagavulin","floor":8,"turns":6},{"damage":20,"enemies":"Large Slime","floor":10,"turns":4}],"seed_played":"569812427782972221","potions_obtained":[{"floor":3,"key":"SteroidPotion"},{"floor":6,"key":"EssenceOfSteel"}],"is_trial":false,"path_per_floor":["M","M","M","?","?","E","R","E","T","M"],"character_chosen":"IRONCLAD","items_purchased":[],"campfire_rested":0,"item_purchase_floors":[],"current_hp_per_floor":[75,72,75,75,75,42,42,16,16,0],"gold":262,"neow_bonus":"RANDOM_COMMON_RELIC","is_prod":false,"is_daily":false,"chose_seed":false,"campfire_upgraded":1,"win_rate":0,"timestamp":1649368047,"path_taken":["M","M","M","?","?","E","R","E","T","M"],"build_version":"2022-03-07","purchased_purges":0,"victory":false,"max_hp_per_floor":[82,82,82,82,82,82,82,82,82,82],"relic_stats":{"counters":[6,28],"Tiny Chest":0,"Orichalcum":[12],"obtain_stats":[{"Strawberry":0,"Tiny Chest":6,"Orichalcum":9,"Burning Blood":0,"White Beast Statue":8},{"Strawberry":0,"Tiny Chest":4,"Orichalcum":5,"Burning Blood":0,"White Beast Statue":5},{"Strawberry":0,"Tiny Chest":18,"Orichalcum":24,"Burning Blood":0,"White Beast Statue":24}],"Burning Blood":30,"White Beast Statue":[0.0,0.0,0.0,0.0,0.0,1.0,0.0,0.0,0.0,0.0,0.0,0.0]},"card_choices":[{"not_picked":["True Grit","Thunderclap"],"picked":"Hemokinesis","floor":1},{"not_picked":["Wild Strike","Warcry"],"picked":"Thunderclap","floor":2},{"not_picked":["Cleave","Clash"],"picked":"Rupture","floor":3},{"not_picked":["Fire Breathing","Juggernaut"],"picked":"Demon Form","floor":6},{"not_picked":["Wild Strike","Body Slam"],"picked":"Shrug It Off","floor":8}],"player_experience":6612797,"relics_obtained":[{"floor":6,"key":"Tiny Chest"},{"floor":8,"key":"White Beast Statue"},{"floor":9,"key":"Orichalcum"}],"event_choices":[{"damage_healed":0,"gold_gain":0,"player_choice":"Ignored","damage_taken":0,"max_hp_gain":0,"max_hp_loss":0,"event_name":"Liars Game","floor":4,"gold_loss":0},{"damage_healed":0,"gold_gain":50,"player_choice":"Pray","damage_taken":0,"max_hp_gain":0,"max_hp_loss":0,"event_name":"Golden Shrine","floor":5,"gold_loss":0}],"is_beta":false,"boss_relics":[],"items_purged_floors":[],"is_endless":false,"potions_floor_spawned":[3,6],"killed_by":"Large Slime","ascension_level":20}