{"gold_per_floor":[114,127,138,63,80,80,155,181,181,181,181,215,215,47,47,123,123,140,13,13,23,49,49,78,78,78,78,78,89,89,122,122,200,200,219,237,237,12,30,63,63,97,151,185,203,221,255,275,275,275,275,275,275,13,44,44],"floor_reached":57,"playtime":5281,"items_purged":["Anger"],"score":3032,"play_id":"a9e65a11-5f80-4b6c-b7f7-ad34a420b3ad","local_time":"20220414135928","is_ascension_mode":true,"campfire_choices":[{"data":"Inflame","floor":6,"key":"SMITH"},{"data":"Sword Boomerang","floor":11,"key":"SMITH"},{"data":"Inflame","floor":15,"key":"SMITH"},{"floor":23,"key":"REST"},{"data":"Dual Wield","floor":25,"key":"SMITH"},{"data":"Heavy Blade","floor":28,"key":"SMITH"},{"data":"Bash","floor":30,"key":"SMITH"},{"data":"Pummel","floor":32,"key":"SMITH"},{"floor":41,"key":"RECALL"},{"data":"Clothesline","floor":49,"key":"SMITH"},{"data":"Power Through","floor":53,"key":"SMITH"}],"neow_cost":"NONE","seed_source_timestamp":780201203782000,"circlet_count":0,"master_deck":["AscendersBane","Strike_R","Strike_R","Defend_R","Defend_R","Defend_R","Bash+1","Inflame+1","Pummel+1","Inflame+1","Battle Trance","Sword Boomerang+1","Shrug It Off","Corruption","Heavy Blade+1","Shrug It Off","Dual Wield+1","Metallicize","Feed","Second Wind+1","Power Through+1","Clothesline+1","Ghostly Armor+1","Dark Embrace","Clothesline","Pommel Strike+1","Offering","Armaments"],"relics":["Burning Blood","StrikeDummy","CaptainsWheel","Vajra","Snecko Eye","Pen Nib","Anchor","Thread and Needle","PreservedInsect","Philosopher\u0027s Stone","Toolbox","Happy Flower","Bronze Scales","Boot","Bag of Preparation","Regal Pillow","Bag of Marbles","Nunchaku"],"potions_floor_usage":[8,24,39,42,56,56],"damage_taken":[{"damage":6,"enemies":"Cultist","floor":1,"turns":3},{"damage":4,"enemies":"Jaw Worm","floor":2,"turns":5},{"damage":5,"enemies":"Small Slimes","floor":3,"turns":4},{"damage":5,"enemies":"2 Fungi Beasts","floor":5,"turns":4},{"damage":8,"enemies":"Gremlin Nob","floor":8,"turns":3},{"damage":17,"enemies":"Lagavulin","floor":12,"turns":5},{"damage":37,"enemies":"Hexaghost","floor":16,"turns":5},{"damage":19,"enemies":"Shell Parasite","floor":18,"turns":3},{"damage":18,"enemies":"2 Thieves","floor":21,"turns":4},{"damage":12,"enemies":"Book of Stabbing","floor":24,"turns":4},{"damage":0,"enemies":"3 Cultists","floor":29,"turns":2},{"damage":0,"enemies":"Slavers","floor":31,"turns":4},{"damage":17,"enemies":"Champ","floor":33,"turns":8},{"damage":0,"enemies":"Orb Walker","floor":35,"turns":4},{"damage":2,"enemies":"3 Shapes","floor":36,"turns":5},{"damage":0,"enemies":"Sphere and 2 Shapes","floor":39,"turns":4},{"damage":7,"enemies":"Reptomancer","floor":40,"turns":3},{"damage":14,"enemies":"Nemesis","floor":42,"turns":5},{"damage":0,"enemies":"Giant Head","floor":44,"turns":3},{"damage":0,"enemies":"Maw","floor":45,"turns":4},{"damage":0,"enemies":"3 Darklings","floor":46,"turns":3},{"damage":0,"enemies":"Reptomancer","floor":47,"turns":6},{"damage":0,"enemies":"Jaw Worm Horde","floor":48,"turns":3},{"damage":29,"enemies":"Awakened One","floor":50,"turns":4},{"damage":4,"enemies":"Donu and Deca","floor":51,"turns":5},{"damage":6,"enemies":"Shield and Spear","floor":55,"turns":3},{"damage":27,"enemies":"The Heart","floor":56,"turns":7}],"seed_played":"-7026323143340266459","potions_obtained":[{"floor":1,"key":"AttackPotion"},{"floor":3,"key":"Fire Potion"},{"floor":5,"key":"Fire Potion"},{"floor":16,"key":"Strength Potion"},{"floor":24,"key":"GamblersBrew"},{"floor":33,"key":"BlessingOfTheForge"},{"floor":39,"key":"Block Potion"},{"floor":47,"key":"ElixirPotion"},{"floor":55,"key":"PowerPotion"}],"is_trial":false,"path_per_floor":["M","M","M","?","M","R","?","E","T","?","R","E","?","$","R","B",null,"M","$","?","M","T","R","E","R","T","?","R","M","R","E","R","B",null,"M","M","?","$","M","E","R","E","T","E","M","M","E","M","R","B","B",null,"R","$","E","B",null],"character_chosen":"IRONCLAD","items_purchased":["Vajra","Shrug It Off","Toolbox","Clothesline","Bag of Marbles","Offering"],"campfire_rested":1,"item_purchase_floors":[14,19,38,38,54,54],"current_hp_per_floor":[68,70,71,71,72,72,61,59,59,64,64,53,53,53,53,22,66,53,53,53,41,41,65,59,59,59,59,59,65,65,71,71,60,75,83,86,82,82,94,96,96,91,91,100,106,109,109,121,121,101,109,125,125,125,128,107],"gold":44,"neow_bonus":"TRANSFORM_CARD","is_prod":false,"is_daily":false,"chose_seed":false,"campfire_upgraded":9,"win_rate":0,"timestamp":1649959168,"path_taken":["M","M","?","?","M","R","?","E","T","?","R","E","?","$","R","BOSS","M","$","?","M","?","R","E","R","T","?","R","?","R","E","R","BOSS","M","M","?","$","M","E","R","E","T","E","M","M","E","M","R","BOSS","BOSS","R","$","E","BOSS"],"build_version":"2022-03-07","purchased_purges":1,"victory":true,"max_hp_per_floor":[75,75,75,75,75,75,75,75,75,80,80,80,80,80,80,80,80,80,80,80,80,80,80,80,80,80,80,80,80,80,80,80,80,80,83,86,82,82,94,97,97,100,100,103,106,109,109,121,121,124,130,130,130,130,133,133],"relic_stats":{"Regal Pillow":0,"Nunchaku":[2],"Happy Flower":[14],"counters":[27,113],"Bronze Scales":[174],"Snecko Eye":[158,160,166,143,-104],"Pen Nib":[17],"PreservedInsect":379,"Bag of Preparation":[16],"Boot":[0],"obtain_stats":[{"Regal Pillow":47,"Happy Flower":40,"Vajra":14,"Thread and Needle":26,"Pen Nib":22,"PreservedInsect":31,"Bag of Preparation":44,"Boot":43,"Burning Blood":0,"CaptainsWheel":12,"Anchor":24,"Nunchaku":55,"Bronze Scales":42,"Snecko Eye":17,"Toolbox":38,"Philosopher\u0027s Stone":34,"Bag of Marbles":54,"StrikeDummy":8},{"Regal Pillow":22,"Happy Flower":17,"Vajra":6,"Thread and Needle":10,"Pen Nib":9,"PreservedInsect":12,"Bag of Preparation":19,"Boot":18,"Burning Blood":0,"CaptainsWheel":6,"Anchor":10,"Nunchaku":26,"Bronze Scales":18,"Snecko Eye":7,"Toolbox":15,"Philosopher\u0027s Stone":13,"Bag of Marbles":25,"StrikeDummy":5},{"Regal Pillow":91,"Happy Flower":70,"Vajra":24,"Thread and Needle":40,"Pen Nib":36,"PreservedInsect":46,"Bag of Preparation":78,"Boot":75,"Burning Blood":0,"CaptainsWheel":24,"Anchor":40,"Nunchaku":106,"Bronze Scales":75,"Snecko Eye":29,"Toolbox":63,"Philosopher\u0027s Stone":54,"Bag of Marbles":103,"StrikeDummy":19}],"Burning Blood":130},"card_choices":[{"not_picked":["Intimidate","Dark Embrace"],"picked":"Pummel","floor":1},{"not_picked":["Perfected Strike","Cleave"],"picked":"Inflame","floor":2},{"not_picked":["Perfected Strike","Seeing Red"],"picked":"Battle Trance","floor":3},{"not_picked":["Perfected Strike","Hemokinesis"],"picked":"Sword Boomerang","floor":5},{"not_picked":["Bludgeon","Intimidate"],"picked":"Shrug It Off","floor":8},{"not_picked":["Flex","Dual Wield"],"picked":"Anger","floor":12},{"not_picked":["Berserk","Impervious"],"picked":"Corruption","floor":16},{"not_picked":["Disarm","Clash"],"picked":"Heavy Blade","floor":18},{"not_picked":["Thunderclap","Metallicize","Flex"],"picked":"SKIP","floor":21},{"not_picked":["Headbutt","Anger+1"],"picked":"Dual Wield","floor":24},{"not_picked":["Dropkick","Battle Trance","Combust+1"],"picked":"SKIP","floor":29},{"not_picked":["Clash","Warcry+1","Rage"],"picked":"SKIP","floor":31},{"not_picked":["Offering","Berserk"],"picked":"Feed","floor":33},{"not_picked":["Reckless Charge","Pummel"],"picked":"Second Wind+1","floor":35},{"not_picked":["Perfected Strike","Thunderclap"],"picked":"Power Through","floor":36},{"not_picked":["Dropkick+1","Wild Strike"],"picked":"Ghostly Armor+1","floor":39},{"not_picked":["Heavy Blade","Flex"],"picked":"Dark Embrace","floor":40},{"not_picked":["Carnage+1","Thunderclap"],"picked":"Clothesline","floor":42},{"not_picked":["Flex","Armaments"],"picked":"Pommel Strike+1","floor":44},{"not_picked":["Wild Strike","Clash+1","Flex"],"picked":"SKIP","floor":45},{"not_picked":["Iron Wave","Dropkick","Thunderclap+1"],"picked":"SKIP","floor":46},{"not_picked":["Iron Wave","Dropkick","Thunderclap+1"],"picked":"SKIP","floor":46},{"not_picked":["Havoc","Metallicize","Clothesline"],"picked":"SKIP","floor":47},{"not_picked":["Bloodletting","Iron Wave","Twin Strike"],"picked":"SKIP","floor":48},{"not_picked":["Immolate","Body Slam+1"],"picked":"Armaments","floor":55}],"player_experience":6663369,"relics_obtained":[{"floor":8,"key":"StrikeDummy"},{"floor":12,"key":"CaptainsWheel"},{"floor":22,"key":"Pen Nib"},{"floor":24,"key":"Anchor"},{"floor":26,"key":"Thread and Needle"},{"floor":31,"key":"PreservedInsect"},{"floor":40,"key":"Happy Flower"},{"floor":42,"key":"Bronze Scales"},{"floor":43,"key":"Boot"},{"floor":44,"key":"Bag of Preparation"},{"floor":47,"key":"Regal Pillow"},{"floor":55,"key":"Nunchaku"}],"event_choices":[{"cards_removed":["Strike_R"],"damage_healed":0,"gold_gain":0,"player_choice":"Card Removal","damage_taken":0,"max_hp_gain":0,"max_hp_loss":0,"event_name":"The Cleric","floor":4,"gold_loss":75},{"damage_healed":0,"gold_gain":75,"player_choice":"Gather Gold","damage_taken":11,"max_hp_gain":0,"max_hp_loss":0,"event_name":"World of Goop","floor":7,"gold_loss":0},{"damage_healed":0,"gold_gain":0,"player_choice":"Donut","damage_taken":0,"max_hp_gain":5,"max_hp_loss":0,"event_name":"Big Fish","floor":10,"gold_loss":0},{"cards_removed":["Defend_R"],"damage_healed":0,"gold_gain":0,"player_choice":"Forget","damage_taken":0,"max_hp_gain":0,"max_hp_loss":0,"event_name":"Living Wall","floor":13,"gold_loss":0},{"damage_healed":0,"gold_gain":0,"player_choice":"Ignored","damage_taken":0,"max_hp_gain":0,"max_hp_loss":0,"event_name":"The Mausoleum","floor":20,"gold_loss":0},{"damage_healed":0,"gold_gain":0,"cards_transformed":["Strike_R"],"player_choice":"Transformed","damage_taken":0,"max_hp_gain":0,"max_hp_loss":0,"event_name":"Transmorgrifier","floor":27,"gold_loss":0,"cards_obtained":["Metallicize"]},{"damage_healed":0,"gold_gain":0,"player_choice":"Max HP","damage_taken":0,"max_hp_gain":0,"max_hp_loss":4,"event_name":"Winding Halls","floor":37,"gold_loss":0}],"is_beta":false,"boss_relics":[{"not_picked":["Sozu","Astrolabe"],"picked":"Snecko Eye"},{"not_picked":["SacredBark","Tiny House"],"picked":"Philosopher\u0027s Stone"}],"items_purged_floors":[19],"is_endless":false,"potions_floor_spawned":[1,3,5,16,24,33,35,39,47,48,55],"ascension_level":20}