{"gold_per_floor":[113,129,148,158,175,175,208,223,250,265,275,309,309,322,322,322],"floor_reached":16,"playtime":917,"items_purged":[],"score":236,"play_id":"df3ccdf5-0420-4d1c-8443-9415bdefb402","local_time":"20220407180313","is_ascension_mode":true,"campfire_choices":[{"data":"Bash","floor":6,"key":"SMITH"},{"data":"Flex","floor":13,"key":"SMITH"},{"data":"Bludgeon","floor":15,"key":"SMITH"}],"neow_cost":"NONE","seed_source_timestamp":194437935811000,"circlet_count":0,"master_deck":["AscendersBane","Strike_R","Strike_R","Strike_R","Strike_R","Strike_R","Defend_R","Defend_R","Defend_R","Defend_R","Bash+1","Clothesline","Pommel Strike","Twin Strike","Feed","Anger","Spot Weakness","Flex+1","Sword Boomerang","Bludgeon+1"],"relics":["Burning Blood","Juzu Bracelet","Art of War"],"potions_floor_usage":[4,7,7,10],"damage_taken":[{"damage":7,"enemies":"Cultist","floor":1,"turns":4},{"damage":10,"enemies":"Small Slimes","floor":2,"turns":4},{"damage":4,"enemies":"Jaw Worm","floor":3,"turns":5},{"damage":29,"enemies":"Lots of Slimes","floor":4,"turns":7},{"damage":10,"enemies":"2 Fungi Beasts","floor":5,"turns":4},{"damage":20,"enemies":"3 Sentries","floor":7,"turns":6},{"damage":10,"enemies":"Red Slaver","floor":8,"turns":3},{"damage":0,"enemies":"3 Louse","floor":10,"turns":2},{"damage":25,"enemies":"Exordium Thugs","floor":11,"turns":4},{"damage":20,"enemies":"Lagavulin","floor":12,"turns":7},{"damage":0,"enemies":"Exordium Wildlife","floor":14,"turns":2},{"damage":38,"enemies":"Slime Boss","floor":16,"turns":3}],"seed_played":"6143276383927528571","potions_obtained":[{"floor":2,"key":"BloodPotion"},{"floor":3,"key":"SteroidPotion"},{"floor":4,"key":"Energy Potion"},{"floor":8,"key":"Explosive Potion"},{"floor":10,"key":"Ancient Potion"}],"is_trial":false,"path_per_floor":["M","M","M","M","M","R","E","M","T","M","M","E","R","M","R","B"],"character_chosen":"IRONCLAD","items_purchased":[],"campfire_rested":0,"item_purchase_floors":[],"current_hp_per_floor":[74,70,72,65,64,64,53,49,49,58,39,25,25,31,31,0],"gold":322,"neow_bonus":"TEN_PERCENT_HP_BONUS","is_prod":false,"is_daily":false,"chose_seed":false,"campfire_upgraded":3,"win_rate":0,"timestamp":1649368993,"path_taken":["M","M","M","M","M","R","E","M","T","M","M","E","R","M","R","BOSS"],"build_version":"2022-03-07","purchased_purges":0,"victory":false,"max_hp_per_floor":[82,82,82,82,85,85,88,88,88,91,91,91,91,91,91,91],"relic_stats":{"counters":[12,51],"Juzu Bracelet":0,"Art of War":[2],"obtain_stats":[{"Juzu Bracelet":7,"Art of War":9,"Burning Blood":0},{"Juzu Bracelet":6,"Art of War":7,"Burning Blood":0},{"Juzu Bracelet":30,"Art of War":33,"Burning Blood":0}],"Burning Blood":66},"card_choices":[{"not_picked":["Body Slam","Dual Wield"],"picked":"Clothesline","floor":1},{"not_picked":["Entrench","Burning Pact"],"picked":"Pommel Strike","floor":2},{"not_picked":["Sword Boomerang","Havoc"],"picked":"Twin Strike","floor":3},{"not_picked":["Metallicize","Armaments"],"picked":"Feed","floor":4},{"not_picked":["Blood for Blood","Havoc"],"picked":"Anger","floor":5},{"not_picked":["Body Slam","Rampage","Dropkick"],"picked":"SKIP","floor":7},{"not_picked":["Pommel Strike","Anger"],"picked":"Spot Weakness","floor":8},{"not_picked":["Sentinel","Perfected Strike"],"picked":"Flex","floor":10},{"not_picked":["Clash","Iron Wave","Havoc"],"picked":"SKIP","floor":11},{"not_picked":["True Grit","Clash"],"picked":"Sword Boomerang","floor":12},{"not_picked":["Rampage","Evolve"],"picked":"Bludgeon","floor":14}],"player_experience":6613572,"relics_obtained":[{"floor":7,"key":"Juzu Bracelet"},{"floor":9,"key":"Art of War"}],"event_choices":[],"is_beta":false,"boss_relics":[],"items_purged_floors":[],"is_endless":false,"potions_floor_spawned":[2,3,4,8,10],"killed_by":"Slime Boss","ascension_level":20}