{"gold_per_floor":[163,178,178,194,213,213,213,240,294,314,314,333,139,174,174,251,251,266,266,216,116,135,135,168,168,168,182,209,221,221,237,237,315,315,327,378,378,398,410,410,423,456,456,482,429,449,459,491,491,491,491,491,491,113,144,144],"floor_reached":57,"playtime":4864,"items_purged":["Strike_R","Rampage+1"],"score":2938,"play_id":"5e5117cc-fb91-4b32-a581-b6dc994fe2b2","local_time":"20220407192501","is_ascension_mode":true,"campfire_choices":[{"floor":6,"key":"REST"},{"floor":11,"key":"REST"},{"data":"Inflame","floor":15,"key":"SMITH"},{"data":"Armaments","floor":23,"key":"SMITH"},{"floor":25,"key":"REST"},{"data":"Disarm","floor":30,"key":"SMITH"},{"floor":32,"key":"REST"},{"floor":40,"key":"RECALL"},{"floor":49,"key":"REST"},{"floor":53,"key":"REST"}],"neow_cost":"NONE","seed_source_timestamp":195373565022900,"circlet_count":0,"master_deck":["AscendersBane","Bash","Anger","Offering","Twin Strike","Sword Boomerang","Inflame+1","Thunderclap+1","Pommel Strike+1","Battle Trance","Disarm+1","Feel No Pain","Impervious","Exhume","True Grit","Armaments+1","Pummel+1","Fiend Fire+1","Havoc","Infernal Blade","Infernal Blade+1","Feel No Pain","Warcry","Offering","Impervious","Shrug It Off","Battle Trance+1","Pummel+1","Headbutt+1","Barricade","Inflame","Warcry+1","Clothesline+1","Shrug It Off"],"relics":["Tiny House","Molten Egg 2","Dream Catcher","Pen Nib","Pandora\u0027s Box","Bag of Preparation","Gremlin Horn","Cursed Key","Incense Burner","Turnip","CaptainsWheel","Bronze Scales","Frozen Eye","Akabeko","Kunai"],"potions_floor_usage":[5,14,22,28,33,41,44,47,56],"damage_taken":[{"damage":12,"enemies":"Jaw Worm","floor":1,"turns":2},{"damage":6,"enemies":"Cultist","floor":2,"turns":3},{"damage":5,"enemies":"Small Slimes","floor":4,"turns":3},{"damage":30,"enemies":"Exordium Thugs","floor":5,"turns":4},{"damage":21,"enemies":"Lagavulin","floor":8,"turns":4},{"damage":7,"enemies":"Looter","floor":10,"turns":3},{"damage":0,"enemies":"2 Fungi Beasts","floor":12,"turns":3},{"damage":10,"enemies":"3 Sentries","floor":14,"turns":3},{"damage":23,"enemies":"Hexaghost","floor":16,"turns":7},{"damage":0,"enemies":"3 Byrds","floor":18,"turns":5},{"damage":6,"enemies":"2 Thieves","floor":22,"turns":3},{"damage":11,"enemies":"Book of Stabbing","floor":24,"turns":3},{"damage":0,"enemies":"Centurion and Healer","floor":27,"turns":4},{"damage":12,"enemies":"Slavers","floor":28,"turns":3},{"damage":11,"enemies":"Sentry and Sphere","floor":29,"turns":3},{"damage":6,"enemies":"Snake Plant","floor":31,"turns":1},{"damage":26,"enemies":"Champ","floor":33,"turns":7},{"damage":6,"enemies":"3 Darklings","floor":35,"turns":2},{"damage":12,"enemies":"2 Orb Walkers","floor":36,"turns":3},{"damage":0,"enemies":"Orb Walker","floor":38,"turns":3},{"damage":7,"enemies":"Transient","floor":39,"turns":6},{"damage":6,"enemies":"3 Darklings","floor":41,"turns":4},{"damage":10,"enemies":"Reptomancer","floor":42,"turns":4},{"damage":6,"enemies":"Giant Head","floor":44,"turns":6},{"damage":8,"enemies":"Maw","floor":46,"turns":6},{"damage":11,"enemies":"Sphere and 2 Shapes","floor":47,"turns":3},{"damage":6,"enemies":"Nemesis","floor":48,"turns":12},{"damage":12,"enemies":"Awakened One","floor":50,"turns":15},{"damage":22,"enemies":"Time Eater","floor":51,"turns":11},{"damage":7,"enemies":"Shield and Spear","floor":55,"turns":6},{"damage":21,"enemies":"The Heart","floor":56,"turns":9}],"seed_played":"1139681835724834895","potions_obtained":[{"floor":0,"key":"Explosive Potion"},{"floor":2,"key":"Ancient Potion"},{"floor":8,"key":"Energy Potion"},{"floor":12,"key":"BloodPotion"},{"floor":16,"key":"SpeedPotion"},{"floor":22,"key":"LiquidMemories"},{"floor":31,"key":"Ancient Potion"},{"floor":36,"key":"AttackPotion"},{"floor":38,"key":"BloodPotion"},{"floor":41,"key":"SpeedPotion"},{"floor":42,"key":"BloodPotion"},{"floor":47,"key":"Energy Potion"}],"is_trial":false,"path_per_floor":["M","M","?","M","M","R","?","E","T","M","R","M","$","E","R","B",null,"M","?","?","$","M","R","E","R","T","M","E","M","R","M","R","B",null,"M","?","?","M","M","R","M","E","T","E","$","M","M","E","R","B","B",null,"R","$","E","B",null],"character_chosen":"IRONCLAD","items_purchased":["Battle Trance","Disarm","PowerPotion","Frozen Eye","Akabeko","Shrug It Off"],"campfire_rested":6,"item_purchase_floors":[13,13,45,54,54,54],"current_hp_per_floor":[61,55,55,50,20,44,44,23,23,16,40,40,40,30,30,7,62,62,39,39,39,50,50,39,64,64,64,52,41,41,35,60,34,72,66,54,54,54,47,47,58,48,48,42,42,34,40,34,59,47,25,70,85,85,78,57],"gold":144,"neow_bonus":"BOSS_RELIC","is_prod":false,"is_daily":false,"chose_seed":false,"campfire_upgraded":3,"win_rate":0,"timestamp":1649373901,"path_taken":["M","M","?","M","?","R","?","E","T","M","R","M","$","E","R","BOSS","M","?","?","$","M","R","E","R","T","M","E","M","R","M","R","BOSS","M","?","?","M","M","R","M","E","T","E","$","M","M","E","R","BOSS","BOSS","R","$","E","BOSS"],"build_version":"2022-03-07","purchased_purges":2,"victory":true,"max_hp_per_floor":[80,80,80,80,80,80,80,80,80,80,80,80,80,80,80,80,80,80,85,85,85,85,85,85,85,85,85,85,85,85,85,85,85,85,85,85,85,85,85,85,85,85,85,85,85,85,85,85,85,85,85,85,85,85,85,85],"relic_stats":{"Frozen Eye":168.12096,"Dream Catcher":5,"Gremlin Horn":[11,18],"counters":[31,151],"Bronze Scales":[288],"Pandora\u0027s Box":["Rampage","Exhume","True Grit","Armaments","Pummel","Fiend Fire","Havoc"],"Pen Nib":[29],"Turnip":[14],"Bag of Preparation":[38],"Kunai":[5],"Cursed Key":0,"obtain_stats":[{"Tiny House":0,"Gremlin Horn":28,"Pen Nib":14,"Bag of Preparation":24,"Incense Burner":36,"Cursed Key":34,"Burning Blood":0,"Akabeko":54,"Frozen Eye":54,"Dream Catcher":9,"CaptainsWheel":44,"Bronze Scales":48,"Molten Egg 2":8,"Pandora\u0027s Box":17,"Turnip":42,"Kunai":55},{"Tiny House":0,"Gremlin Horn":14,"Pen Nib":8,"Bag of Preparation":12,"Incense Burner":19,"Cursed Key":17,"Burning Blood":0,"Akabeko":29,"Frozen Eye":29,"Dream Catcher":5,"CaptainsWheel":24,"Bronze Scales":27,"Molten Egg 2":5,"Pandora\u0027s Box":9,"Turnip":23,"Kunai":30},{"Tiny House":0,"Gremlin Horn":50,"Pen Nib":25,"Bag of Preparation":43,"Incense Burner":66,"Cursed Key":61,"Burning Blood":0,"Akabeko":136,"Frozen Eye":136,"Dream Catcher":16,"CaptainsWheel":89,"Bronze Scales":110,"Molten Egg 2":16,"Pandora\u0027s Box":32,"Turnip":83,"Kunai":142}]},"card_choices":[{"not_picked":["Iron Wave","Body Slam"],"picked":"Anger","floor":0},{"not_picked":["Twin Strike","Shrug It Off"],"picked":"Offering","floor":1},{"not_picked":["Havoc","Reckless Charge"],"picked":"Twin Strike","floor":2},{"not_picked":["Combust","Warcry"],"picked":"Sword Boomerang","floor":4},{"not_picked":["Clash","Carnage"],"picked":"Inflame","floor":5},{"not_picked":["Perfected Strike+1","Sword Boomerang+1"],"picked":"Thunderclap+1","floor":8},{"not_picked":["Havoc","Reckless Charge+1"],"picked":"Pommel Strike+1","floor":10},{"not_picked":["Clash+1","Anger+1"],"picked":"Cleave+1","floor":12},{"not_picked":["Juggernaut","Hemokinesis+1"],"picked":"Feel No Pain","floor":14},{"not_picked":["Double Tap","Barricade"],"picked":"Impervious","floor":16},{"not_picked":["True Grit","Thunderclap+1","Armaments"],"picked":"SKIP","floor":18},{"not_picked":["Rupture","Entrench"],"picked":"Infernal Blade","floor":22},{"not_picked":["Perfected Strike+1","Armaments"],"picked":"Infernal Blade+1","floor":24},{"not_picked":["Perfected Strike+1","Clash+1"],"picked":"Feel No Pain","floor":25},{"not_picked":["Combust+1","Sword Boomerang+1"],"picked":"Warcry","floor":27},{"not_picked":["Berserk","Twin Strike+1"],"picked":"Offering","floor":28},{"not_picked":["Warcry","Pummel+1","Armaments"],"picked":"SKIP","floor":29},{"not_picked":["Heavy Blade+1","Bloodletting","Clothesline+1"],"picked":"SKIP","floor":31},{"not_picked":["Fiend Fire+1","Demon Form"],"picked":"Impervious","floor":33},{"not_picked":["Whirlwind+1","Havoc+1"],"picked":"Shrug It Off","floor":35},{"not_picked":["Wild Strike+1","Clash+1"],"picked":"Battle Trance+1","floor":36},{"not_picked":["Sword Boomerang+1","Intimidate","Wild Strike+1"],"picked":"SKIP","floor":38},{"not_picked":["Sword Boomerang+1","Intimidate","Wild Strike+1"],"picked":"SKIP","floor":38},{"not_picked":["Dropkick+1","Shrug It Off"],"picked":"Pummel+1","floor":39},{"not_picked":["Searing Blow+1","Warcry","Infernal Blade"],"picked":"SKIP","floor":44},{"not_picked":["Flex","Ghostly Armor"],"picked":"Headbutt+1","floor":46},{"not_picked":["Battle Trance","Ghostly Armor"],"picked":"Barricade","floor":47},{"not_picked":["Iron Wave+1","Power Through"],"picked":"Inflame","floor":48},{"not_picked":["Rupture","Clash+1"],"picked":"Warcry+1","floor":49},{"not_picked":["Flex","Flame Barrier"],"picked":"Clothesline+1","floor":53},{"not_picked":["Bludgeon+1","Pummel+1","Inflame"],"picked":"SKIP","floor":55},{"not_picked":["Bludgeon+1","Pummel+1","Inflame"],"picked":"SKIP","floor":55}],"player_experience":6614489,"relics_obtained":[{"floor":8,"key":"Molten Egg 2"},{"floor":9,"key":"Dream Catcher"},{"floor":14,"key":"Pen Nib"},{"floor":24,"key":"Bag of Preparation"},{"floor":28,"key":"Gremlin Horn"},{"floor":36,"key":"Incense Burner"},{"floor":42,"key":"Turnip"},{"floor":44,"key":"CaptainsWheel"},{"floor":48,"key":"Bronze Scales"},{"floor":55,"key":"Kunai"}],"event_choices":[{"cards_removed":["Strike_R"],"damage_healed":0,"gold_gain":0,"player_choice":"Purged","damage_taken":0,"max_hp_gain":0,"max_hp_loss":0,"event_name":"Purifier","floor":3,"gold_loss":0},{"damage_healed":0,"gold_gain":0,"player_choice":"Searched \u00270\u0027 times","damage_taken":0,"max_hp_gain":0,"max_hp_loss":0,"event_name":"Dead Adventurer","floor":7,"gold_loss":0},{"damage_healed":0,"gold_gain":0,"player_choice":"Shed Blood","damage_taken":28,"max_hp_gain":5,"max_hp_loss":0,"event_name":"Forgotten Altar","floor":19,"gold_loss":0},{"damage_healed":0,"gold_gain":0,"player_choice":"Bet on Murderer","damage_taken":0,"max_hp_gain":0,"max_hp_loss":0,"event_name":"The Joust","floor":20,"gold_loss":50},{"damage_healed":0,"gold_gain":0,"player_choice":"Fight","damage_taken":0,"max_hp_gain":0,"max_hp_loss":0,"event_name":"Mysterious Sphere","floor":36,"gold_loss":0},{"cards_removed":["Cleave"],"damage_healed":0,"gold_gain":0,"player_choice":"Removed Attack","damage_taken":0,"max_hp_gain":0,"max_hp_loss":0,"event_name":"Falling","floor":37,"gold_loss":0}],"is_beta":false,"boss_relics":[{"not_picked":["Sozu","Velvet Choker"],"picked":"Pandora\u0027s Box"},{"not_picked":["Astrolabe","Runic Cube"],"picked":"Cursed Key"}],"items_purged_floors":[13,21],"is_endless":false,"potions_floor_spawned":[2,8,12,16,22,24,31,36,38,41,42,47],"ascension_level":20}