{"gold_per_floor":[114,125,145,160,85,85,160,160,186,218,218,253,270,298,298,375,375,395,395,412,427,164,164,182,212,237,237,255,271,271,284,284,355,355,368,386,386,386,405,434,434,465,465,490,106,131,131,78,78,78,78,78,78,24,52,52],"floor_reached":57,"playtime":4598,"items_purged":["Strike_R","Strike_R+1"],"score":2760,"play_id":"d480078c-2a03-4d28-a9c3-66d399ab26f1","local_time":"20220412155828","is_ascension_mode":true,"campfire_choices":[{"data":"Bludgeon","floor":6,"key":"SMITH"},{"floor":11,"key":"REST"},{"data":"Inflame","floor":15,"key":"SMITH"},{"data":"Feed","floor":23,"key":"SMITH"},{"data":"Pummel","floor":27,"key":"SMITH"},{"data":"Bloodletting","floor":30,"key":"SMITH"},{"data":"Sword Boomerang","floor":32,"key":"SMITH"},{"data":"1","floor":41,"key":"LIFT"},{"floor":47,"key":"RECALL"},{"data":"2","floor":49,"key":"LIFT"},{"data":"3","floor":53,"key":"LIFT"}],"neow_cost":"NONE","seed_source_timestamp":615247493847100,"circlet_count":0,"master_deck":["AscendersBane","Strike_R+1","Strike_R+1","Strike_R+1","Defend_R+1","Defend_R+1","Defend_R+1","Bash","Bludgeon+1","Inflame+1","Thunderclap","Anger+1","Pommel Strike","Impervious","Feed+1","Limit Break","Demon Form+1","Pummel+1","Spot Weakness","Sword Boomerang+1","Shrug It Off","Bloodletting+1","Feel No Pain+1","Limit Break","Feel No Pain+1","Burning Pact","Thunderclap+1","Shrug It Off","Battle Trance","Double Tap"],"relics":["Burning Blood","Oddly Smooth Stone","Blood Vial","Frozen Egg 2","Nunchaku","Runic Pyramid","Brimstone","Dead Branch","Bronze Scales","Mark of Pain","Girya","MealTicket","Unceasing Top","Gambling Chip","Torii","CaptainsWheel"],"potions_floor_usage":[18,20,24,33,36,48,56,56],"damage_taken":[{"damage":0,"enemies":"Cultist","floor":1,"turns":2},{"damage":4,"enemies":"2 Louse","floor":2,"turns":4},{"damage":8,"enemies":"Small Slimes","floor":3,"turns":3},{"damage":5,"enemies":"2 Fungi Beasts","floor":4,"turns":3},{"damage":22,"enemies":"Lagavulin","floor":10,"turns":6},{"damage":30,"enemies":"3 Sentries","floor":12,"turns":5},{"damage":0,"enemies":"Exordium Wildlife","floor":13,"turns":4},{"damage":14,"enemies":"Lagavulin","floor":14,"turns":7},{"damage":21,"enemies":"Hexaghost","floor":16,"turns":9},{"damage":4,"enemies":"2 Thieves","floor":18,"turns":4},{"damage":0,"enemies":"Spheric Guardian","floor":20,"turns":5},{"damage":11,"enemies":"Snecko","floor":21,"turns":6},{"damage":9,"enemies":"Snake Plant","floor":24,"turns":2},{"damage":33,"enemies":"Book of Stabbing","floor":25,"turns":3},{"damage":31,"enemies":"Shelled Parasite and Fungi","floor":28,"turns":3},{"damage":0,"enemies":"Cultist and Chosen","floor":29,"turns":3},{"damage":6,"enemies":"Centurion and Healer","floor":31,"turns":4},{"damage":7,"enemies":"Collector","floor":33,"turns":3},{"damage":14,"enemies":"3 Shapes","floor":35,"turns":5},{"damage":5,"enemies":"3 Darklings","floor":36,"turns":4},{"damage":0,"enemies":"Jaw Worm Horde","floor":39,"turns":4},{"damage":1,"enemies":"Nemesis","floor":40,"turns":5},{"damage":8,"enemies":"Giant Head","floor":42,"turns":3},{"damage":6,"enemies":"Mind Bloom Boss Battle","floor":44,"turns":6},{"damage":56,"enemies":"Reptomancer","floor":46,"turns":4},{"damage":30,"enemies":"Donu and Deca","floor":50,"turns":6},{"damage":38,"enemies":"Awakened One","floor":51,"turns":5},{"damage":40,"enemies":"Shield and Spear","floor":55,"turns":5},{"damage":33,"enemies":"The Heart","floor":56,"turns":5}],"seed_played":"-2641894753082349233","potions_obtained":[{"floor":13,"key":"Block Potion"},{"floor":14,"key":"Block Potion"},{"floor":18,"key":"Strength Potion"},{"floor":25,"key":"Swift Potion"},{"floor":28,"key":"Energy Potion"},{"floor":42,"key":"Dexterity Potion"},{"floor":44,"key":"BloodPotion"}],"is_trial":false,"path_per_floor":["M","M","M","M","$","R","?","?","T","E","R","E","M","E","R","B",null,"M","?","M","M","$","R","M","E","T","R","M","M","R","M","R","B",null,"M","M","?","?","M","E","R","E","T","?","$","E","R","$","R","B","B",null,"R","$","E","B",null],"character_chosen":"IRONCLAD","items_purchased":["Brimstone","Gambling Chip","Battle Trance","Weak Potion","Energy Potion"],"campfire_rested":1,"item_purchase_floors":[22,45,45,48,54],"current_hp_per_floor":[74,75,73,74,74,74,63,40,40,24,46,24,35,29,29,16,63,70,70,81,81,81,81,84,59,59,59,44,56,56,62,62,67,100,94,101,101,101,113,123,123,125,125,135,135,89,89,131,131,113,87,132,132,147,113,88],"gold":52,"neow_bonus":"ONE_RANDOM_RARE_CARD","is_prod":false,"is_daily":false,"chose_seed":false,"campfire_upgraded":6,"win_rate":0,"timestamp":1649793508,"path_taken":["M","M","?","M","$","R","?","?","T","E","R","E","M","E","R","BOSS","M","?","M","M","$","R","M","E","T","R","M","M","R","M","R","BOSS","M","M","?","?","M","E","R","E","T","?","?","E","R","$","R","BOSS","BOSS","R","$","E","BOSS"],"build_version":"2022-03-07","purchased_purges":2,"victory":true,"max_hp_per_floor":[75,75,75,75,75,75,75,75,75,75,75,75,78,78,78,78,78,81,81,84,87,87,87,91,91,91,91,99,103,103,107,107,111,111,111,115,115,115,119,123,123,127,127,135,135,139,139,139,139,143,147,147,147,147,147,147],"relic_stats":{"Blood Vial":42,"Girya":3,"Nunchaku":[14],"Torii":45,"counters":[29,128],"Dead Branch":[81],"Bronze Scales":[189],"Gambling Chip":[10],"MealTicket":30,"obtain_stats":[{"Girya":40,"Torii":46,"Dead Branch":25,"Oddly Smooth Stone":9,"Frozen Egg 2":12,"Burning Blood":0,"Blood Vial":10,"Nunchaku":14,"CaptainsWheel":55,"Brimstone":22,"Bronze Scales":26,"Gambling Chip":45,"MealTicket":42,"Mark of Pain":34,"Unceasing Top":44,"Runic Pyramid":17},{"Girya":22,"Torii":25,"Dead Branch":14,"Oddly Smooth Stone":4,"Frozen Egg 2":6,"Burning Blood":0,"Blood Vial":5,"Nunchaku":8,"CaptainsWheel":28,"Brimstone":12,"Bronze Scales":14,"Gambling Chip":24,"MealTicket":23,"Mark of Pain":18,"Unceasing Top":24,"Runic Pyramid":9},{"Girya":94,"Torii":107,"Dead Branch":63,"Oddly Smooth Stone":12,"Frozen Egg 2":23,"Burning Blood":0,"Blood Vial":18,"Nunchaku":34,"CaptainsWheel":123,"Brimstone":58,"Bronze Scales":63,"Gambling Chip":103,"MealTicket":97,"Mark of Pain":76,"Unceasing Top":103,"Runic Pyramid":43}],"Burning Blood":172,"Unceasing Top":[0]},"card_choices":[{"not_picked":["Heavy Blade","Twin Strike"],"picked":"Inflame","floor":1},{"not_picked":["Flex","True Grit"],"picked":"Thunderclap","floor":2},{"not_picked":["Warcry","Headbutt"],"picked":"Anger","floor":3},{"not_picked":["Iron Wave","Combust"],"picked":"Pommel Strike","floor":4},{"not_picked":["Cleave","Clash"],"picked":"Impervious","floor":10},{"not_picked":["Intimidate","Power Through"],"picked":"Feed","floor":12},{"not_picked":["Perfected Strike","Wild Strike","Twin Strike"],"picked":"SKIP","floor":13},{"not_picked":["Infernal Blade","Pommel Strike"],"picked":"Limit Break","floor":14},{"not_picked":["Juggernaut+1","Double Tap"],"picked":"Demon Form+1","floor":16},{"not_picked":["Wild Strike","Sword Boomerang"],"picked":"Pummel","floor":18},{"not_picked":["Clash+1","Reckless Charge","Iron Wave"],"picked":"SKIP","floor":20},{"not_picked":["Uppercut","Sever Soul"],"picked":"Spot Weakness","floor":21},{"not_picked":["Clash","Headbutt"],"picked":"Sword Boomerang","floor":24},{"not_picked":["Sentinel","Clash"],"picked":"Shrug It Off","floor":25},{"not_picked":["Warcry","Clash"],"picked":"Bloodletting","floor":28},{"not_picked":["Feed","Clash"],"picked":"Feel No Pain+1","floor":29},{"not_picked":["Blood for Blood","Spot Weakness","Headbutt"],"picked":"SKIP","floor":31},{"not_picked":["Offering","Immolate"],"picked":"Limit Break","floor":33},{"not_picked":["Headbutt+1","Wild Strike"],"picked":"Feel No Pain+1","floor":36},{"not_picked":["Sever Soul","Metallicize+1"],"picked":"Burning Pact","floor":39},{"not_picked":["Anger+1","Iron Wave"],"picked":"Thunderclap+1","floor":40},{"not_picked":["Metallicize+1","Anger"],"picked":"Shrug It Off","floor":42},{"not_picked":["Dropkick","Reckless Charge+1"],"picked":"Double Tap","floor":46},{"not_picked":["Sword Boomerang","Reckless Charge","Twin Strike"],"picked":"SKIP","floor":55}],"player_experience":6642199,"relics_obtained":[{"floor":9,"key":"Oddly Smooth Stone"},{"floor":10,"key":"Blood Vial"},{"floor":12,"key":"Frozen Egg 2"},{"floor":14,"key":"Nunchaku"},{"floor":25,"key":"Dead Branch"},{"floor":26,"key":"Bronze Scales"},{"floor":40,"key":"Girya"},{"floor":42,"key":"MealTicket"},{"floor":44,"key":"Unceasing Top"},{"floor":46,"key":"Torii"},{"floor":55,"key":"CaptainsWheel"}],"event_choices":[{"damage_healed":0,"gold_gain":75,"player_choice":"Gather Gold","damage_taken":11,"max_hp_gain":0,"max_hp_loss":0,"event_name":"World of Goop","floor":7,"gold_loss":0},{"damage_healed":0,"gold_gain":0,"player_choice":"Entered Light","damage_taken":23,"max_hp_gain":0,"max_hp_loss":0,"event_name":"Shining Light","floor":8,"gold_loss":0,"cards_upgraded":["Anger","Defend_R"]},{"damage_healed":0,"gold_gain":0,"player_choice":"Simplicity","damage_taken":0,"max_hp_gain":0,"max_hp_loss":0,"event_name":"Back to Basics","floor":19,"gold_loss":0,"cards_upgraded":["Strike_R","Strike_R","Strike_R","Strike_R","Defend_R","Defend_R","Defend_R"]},{"damage_healed":0,"gold_gain":0,"player_choice":"Ignored","damage_taken":0,"max_hp_gain":0,"max_hp_loss":0,"event_name":"Tomb of Lord Red Mask","floor":37,"gold_loss":0},{"cards_removed":["Defend_R"],"damage_healed":0,"gold_gain":0,"player_choice":"Removed Skill","damage_taken":0,"max_hp_gain":0,"max_hp_loss":0,"event_name":"Falling","floor":38,"gold_loss":0},{"damage_healed":0,"gold_gain":0,"player_choice":"Fight","damage_taken":0,"max_hp_gain":0,"max_hp_loss":0,"event_name":"MindBloom","floor":44,"gold_loss":0}],"is_beta":false,"boss_relics":[{"not_picked":["Fusion Hammer","Runic Cube"],"picked":"Runic Pyramid"},{"not_picked":["Black Star","Calling Bell"],"picked":"Mark of Pain"}],"items_purged_floors":[5,22],"is_endless":false,"potions_floor_spawned":[13,14,16,18,25,28,29,42,44],"ascension_level":20}