{"gold_per_floor":[159,219,40,70,220,268,29,119,144,190,190,250,250,308,308,404,404,439,389,429,86,86,86,437,437,437,504,504,564,609,670,670,768,768,813,813,915,915,1009,1009,1059,1098,1174,1216,1216,752,752,818,818,893,943,943,943,121,164,164],"floor_reached":57,"playtime":6565,"items_purged":["Doubt","Strike_R","Strike_R","Normality","Writhe"],"score":3227,"play_id":"58753164-010e-44b6-8a77-29c1141e4c1d","local_time":"20220422143947","is_ascension_mode":true,"campfire_choices":[{"data":"HandOfGreed","floor":11,"key":"SMITH"},{"data":"Fiend Fire","floor":13,"key":"SMITH"},{"data":"Bloodletting","floor":15,"key":"SMITH"},{"data":"Battle Trance","floor":23,"key":"SMITH"},{"data":"Feel No Pain","floor":25,"key":"SMITH"},{"floor":28,"key":"REST"},{"data":"Pommel Strike","floor":32,"key":"SMITH"},{"floor":40,"key":"RECALL"},{"data":"Barricade","floor":45,"key":"SMITH"},{"data":"Body Slam","floor":49,"key":"SMITH"},{"data":"Second Wind","floor":53,"key":"SMITH"}],"neow_cost":"TEN_PERCENT_HP_LOSS","seed_source_timestamp":1472516868983200,"circlet_count":0,"master_deck":["AscendersBane","Strike_R","Strike_R","Strike_R","Defend_R","Defend_R","Defend_R","Defend_R","Bash","HandOfGreed+1","Pommel Strike+1","Carnage","Battle Trance+1","Bloodletting+1","Blood for Blood","Fiend Fire+1","Dark Embrace+1","Shrug It Off","Second Wind+1","Ghostly Armor","Feel No Pain+1","Warcry","Shrug It Off","Armaments+1","Disarm","Bloodletting","Uppercut","Barricade+1","True Grit+1","Sentinel","Body Slam+1","Impervious","Power Through+1","Power Through","Disarm","Disarm","Feel No Pain","True Grit+1","Warcry","Mayhem","Offering"],"relics":["Burning Blood","Smiling Mask","Centennial Puzzle","Ancient Tea Set","Torii","Charon\u0027s Ashes","Cursed Key","Medical Kit","Old Coin","Bottled Tornado","Question Card","Runic Pyramid","Prayer Wheel","Oddly Smooth Stone","Sling","Red Skull","CeramicFish","Bag of Marbles","Orichalcum","DollysMirror","Toy Ornithopter"],"potions_floor_usage":[6,10,14,27,29,56,56,56,56,56],"damage_taken":[{"damage":19,"enemies":"Small Slimes","floor":1,"turns":6},{"damage":7,"enemies":"2 Louse","floor":2,"turns":3},{"damage":1,"enemies":"Cultist","floor":4,"turns":3},{"damage":9,"enemies":"Gremlin Nob","floor":6,"turns":3},{"damage":33,"enemies":"3 Sentries","floor":8,"turns":7},{"damage":11,"enemies":"Lagavulin","floor":10,"turns":8},{"damage":0,"enemies":"3 Louse","floor":12,"turns":5},{"damage":4,"enemies":"Gremlin Nob","floor":14,"turns":4},{"damage":13,"enemies":"Hexaghost","floor":16,"turns":7},{"damage":7,"enemies":"2 Thieves","floor":18,"turns":3},{"damage":3,"enemies":"Chosen","floor":20,"turns":2},{"damage":41,"enemies":"Book of Stabbing","floor":24,"turns":4},{"damage":3,"enemies":"Sentry and Sphere","floor":27,"turns":3},{"damage":6,"enemies":"Gremlin Leader","floor":29,"turns":3},{"damage":3,"enemies":"Cultist and Chosen","floor":30,"turns":3},{"damage":6,"enemies":"Shelled Parasite and Fungi","floor":31,"turns":8},{"damage":18,"enemies":"Champ","floor":33,"turns":12},{"damage":14,"enemies":"Orb Walker","floor":35,"turns":3},{"damage":18,"enemies":"2 Orb Walkers","floor":37,"turns":4},{"damage":0,"enemies":"3 Shapes","floor":39,"turns":8},{"damage":6,"enemies":"Giant Head","floor":41,"turns":6},{"damage":6,"enemies":"Maw","floor":42,"turns":8},{"damage":8,"enemies":"Sphere and 2 Shapes","floor":44,"turns":4},{"damage":0,"enemies":"Reptomancer","floor":48,"turns":7},{"damage":17,"enemies":"Awakened One","floor":50,"turns":9},{"damage":6,"enemies":"Donu and Deca","floor":51,"turns":6},{"damage":6,"enemies":"Shield and Spear","floor":55,"turns":4},{"damage":49,"enemies":"The Heart","floor":56,"turns":7}],"seed_played":"-9204864985114096642","potions_obtained":[{"floor":4,"key":"BlessingOfTheForge"},{"floor":8,"key":"Explosive Potion"},{"floor":10,"key":"ElixirPotion"},{"floor":14,"key":"BlessingOfTheForge"},{"floor":24,"key":"PowerPotion"},{"floor":30,"key":"EntropicBrew"},{"floor":31,"key":"Fire Potion"},{"floor":33,"key":"GamblersBrew"},{"floor":37,"key":"DuplicationPotion"}],"is_trial":false,"path_per_floor":["M","M","$","M","?","E","$","E","T","E","R","M","R","E","R","B",null,"M","$","M","$","?","R","E","R","T","M","R","E","M","M","R","B",null,"M","?","?","?","M","R","E","M","T","M","R","$","?","E","R","B","B",null,"R","$","E","B",null],"character_chosen":"IRONCLAD","items_purchased":["Battle Trance","Bloodletting","BloodPotion","Dark Embrace","Shrug It Off","Second Wind","Medical Kit","Disarm","Bloodletting","Disarm","Sling","Red Skull","Feel No Pain","Bag of Marbles","Orichalcum","DollysMirror","Warcry","Mayhem"],"campfire_rested":1,"item_purchase_floors":[3,3,3,7,7,7,21,21,21,46,46,46,54,54,54,54,54,54],"current_hp_per_floor":[55,54,54,59,59,56,56,29,29,37,37,43,43,45,45,38,61,60,60,63,63,63,63,28,28,28,31,51,51,54,54,54,42,62,54,54,42,42,48,48,48,48,48,46,46,46,46,52,52,41,41,59,59,59,59,41],"gold":164,"neow_bonus":"RANDOM_COLORLESS_2","is_prod":false,"is_daily":false,"chose_seed":false,"campfire_upgraded":9,"win_rate":0,"timestamp":1650652787,"path_taken":["M","M","$","M","?","E","$","E","T","E","R","M","R","E","R","BOSS","M","$","M","$","?","R","E","R","T","?","R","E","M","M","R","BOSS","M","?","?","?","?","R","E","M","T","M","R","$","?","E","R","BOSS","BOSS","R","$","E","BOSS"],"build_version":"2022-03-07","purchased_purges":5,"victory":true,"max_hp_per_floor":[68,68,68,68,68,68,68,68,68,68,68,68,68,68,68,68,68,68,68,68,68,68,68,68,68,68,68,68,68,68,68,68,68,68,68,65,65,65,65,65,65,65,65,65,65,65,65,65,65,65,65,65,65,65,65,65],"relic_stats":{"Torii":8,"counters":[28,150],"CeramicFish":54,"Charon\u0027s Ashes":[1335],"Bottled Tornado":"Dark Embrace","Orichalcum":[6],"Smiling Mask":375,"Ancient Tea Set":[22],"Cursed Key":2,"Medical Kit":[93],"Question Card":14,"Burning Blood":168,"Centennial Puzzle":[60],"Prayer Wheel":3,"obtain_stats":[{"Torii":10,"CeramicFish":48,"Oddly Smooth Stone":41,"Charon\u0027s Ashes":14,"Bottled Tornado":26,"Orichalcum":54,"Smiling Mask":6,"Ancient Tea Set":9,"Cursed Key":17,"Medical Kit":21,"Question Card":29,"Sling":46,"Burning Blood":0,"Old Coin":24,"Centennial Puzzle":8,"DollysMirror":54,"Prayer Wheel":37,"Bag of Marbles":54,"Red Skull":46,"Toy Ornithopter":55,"Runic Pyramid":34},{"Torii":6,"CeramicFish":24,"Oddly Smooth Stone":21,"Charon\u0027s Ashes":8,"Bottled Tornado":12,"Orichalcum":26,"Smiling Mask":4,"Ancient Tea Set":5,"Cursed Key":9,"Medical Kit":11,"Question Card":14,"Sling":23,"Burning Blood":0,"Old Coin":12,"Centennial Puzzle":5,"DollysMirror":26,"Prayer Wheel":19,"Bag of Marbles":26,"Red Skull":23,"Toy Ornithopter":27,"Runic Pyramid":17},{"Torii":30,"CeramicFish":124,"Oddly Smooth Stone":105,"Charon\u0027s Ashes":39,"Bottled Tornado":55,"Orichalcum":139,"Smiling Mask":15,"Ancient Tea Set":22,"Cursed Key":46,"Medical Kit":51,"Question Card":61,"Sling":117,"Burning Blood":0,"Old Coin":55,"Centennial Puzzle":22,"DollysMirror":139,"Prayer Wheel":91,"Bag of Marbles":139,"Red Skull":117,"Toy Ornithopter":143,"Runic Pyramid":84}],"Toy Ornithopter":25},"card_choices":[{"not_picked":["Violence","The Bomb"],"picked":"HandOfGreed","floor":0},{"not_picked":["Havoc","Flame Barrier"],"picked":"Pommel Strike","floor":1},{"not_picked":["Sword Boomerang","Wild Strike"],"picked":"Carnage","floor":2},{"not_picked":["Rupture","Spot Weakness"],"picked":"Blood for Blood","floor":4},{"not_picked":["Pommel Strike","Twin Strike"],"picked":"Fiend Fire","floor":6},{"not_picked":["Flame Barrier","Cleave"],"picked":"Ghostly Armor","floor":8},{"not_picked":["Clothesline","Havoc"],"picked":"Feel No Pain","floor":10},{"not_picked":["Clash","Twin Strike","Dual Wield"],"picked":"SKIP","floor":12},{"not_picked":["Thunderclap","Flex"],"picked":"Warcry","floor":14},{"not_picked":["Body Slam","Hemokinesis"],"picked":"Shrug It Off","floor":18},{"not_picked":["Heavy Blade","Pommel Strike"],"picked":"Armaments+1","floor":20},{"not_picked":["Body Slam","Cleave"],"picked":"Uppercut","floor":24},{"not_picked":["Cleave+1","Thunderclap","Sword Boomerang"],"picked":"SKIP","floor":27},{"not_picked":["Infernal Blade","Blood for Blood","Wild Strike"],"picked":"SKIP","floor":29},{"not_picked":["Perfected Strike","Twin Strike","Immolate","Thunderclap"],"picked":"SKIP","floor":30},{"not_picked":["Blood for Blood","Perfected Strike","Body Slam+1","Warcry"],"picked":"SKIP","floor":31},{"not_picked":["Offering","Exhume","Juggernaut"],"picked":"Barricade","floor":33},{"not_picked":["Cleave","Seeing Red","Sword Boomerang"],"picked":"True Grit+1","floor":35},{"not_picked":["Twin Strike","Havoc+1","Spot Weakness"],"picked":"Sentinel","floor":37},{"not_picked":["Shrug It Off","Twin Strike","Headbutt"],"picked":"Body Slam","floor":39},{"not_picked":["Clash","Warcry","Perfected Strike+1","Iron Wave"],"picked":"SKIP","floor":39},{"not_picked":["Anger","Metallicize","Thunderclap","Battle Trance+1"],"picked":"SKIP","floor":41},{"not_picked":["True Grit+1","Reckless Charge","Heavy Blade"],"picked":"Impervious","floor":42},{"not_picked":["Pummel+1","Anger+1","Pommel Strike","Shrug It Off"],"picked":"SKIP","floor":42},{"not_picked":["Havoc","Fire Breathing","Bloodletting"],"picked":"Power Through+1","floor":44},{"not_picked":["Heavy Blade+1","True Grit","Disarm+1"],"picked":"Power Through","floor":44},{"not_picked":["Brutality","Warcry+1","Clothesline"],"picked":"Disarm","floor":48},{"not_picked":["Clash","Warcry+1","Uppercut+1"],"picked":"Offering","floor":55}],"player_experience":6734157,"relics_obtained":[{"floor":6,"key":"Smiling Mask"},{"floor":8,"key":"Centennial Puzzle"},{"floor":9,"key":"Ancient Tea Set"},{"floor":10,"key":"Torii"},{"floor":14,"key":"Charon\u0027s Ashes"},{"floor":24,"key":"Old Coin"},{"floor":26,"key":"Bottled Tornado"},{"floor":29,"key":"Question Card"},{"floor":37,"key":"Prayer Wheel"},{"floor":41,"key":"Oddly Smooth Stone"},{"floor":48,"key":"CeramicFish"},{"floor":55,"key":"Toy Ornithopter"}],"event_choices":[{"damage_healed":0,"gold_gain":150,"player_choice":"AGREE","damage_taken":0,"max_hp_gain":0,"max_hp_loss":0,"event_name":"Liars Game","floor":5,"gold_loss":0,"cards_obtained":["Doubt"]},{"damage_healed":0,"gold_gain":0,"player_choice":"Forge","damage_taken":0,"max_hp_gain":0,"max_hp_loss":0,"event_name":"Accursed Blacksmith","floor":22,"gold_loss":0,"cards_upgraded":["Dark Embrace"]},{"damage_healed":0,"gold_gain":0,"player_choice":"Max HP","damage_taken":0,"max_hp_gain":0,"max_hp_loss":3,"event_name":"Winding Halls","floor":36,"gold_loss":0},{"damage_healed":0,"gold_gain":0,"player_choice":"Fight","damage_taken":0,"max_hp_gain":0,"max_hp_loss":0,"event_name":"Mysterious Sphere","floor":37,"gold_loss":0},{"damage_healed":0,"gold_gain":0,"player_choice":"Ignored","damage_taken":0,"max_hp_gain":0,"max_hp_loss":0,"event_name":"SecretPortal","floor":38,"gold_loss":0},{"damage_healed":0,"gold_gain":0,"player_choice":"Ignored","damage_taken":0,"max_hp_gain":0,"max_hp_loss":0,"event_name":"Tomb of Lord Red Mask","floor":47,"gold_loss":0}],"is_beta":false,"boss_relics":[{"not_picked":["Black Star","SlaversCollar"],"picked":"Cursed Key"},{"not_picked":["Mark of Pain","Busted Crown"],"picked":"Runic Pyramid"}],"items_purged_floors":[7,19,21,46,54],"is_endless":false,"potions_floor_spawned":[4,8,10,14,24,30,31,33,37,39,44,55],"ascension_level":20}