{"gold_per_floor":[359,359,16,35,35,35,70,70,94,152,164,190,209,234,234,308,308,322,121,137,147,166,166,192,211,265,265,59,86,86,101,101,172,172,186,186,196,251,270,300,300,314,390,232,232,260,277,311,311,311,311,311,311,49,82,82],"floor_reached":57,"playtime":4619,"items_purged":["Hemokinesis","Strike_R","Strike_R"],"score":3075,"play_id":"5daa405d-097f-4a57-b6a2-56705f9d64b8","local_time":"20220423173615","is_ascension_mode":true,"campfire_choices":[{"data":"Uppercut","floor":6,"key":"SMITH"},{"data":"Heavy Blade","floor":8,"key":"SMITH"},{"data":"True Grit","floor":15,"key":"SMITH"},{"data":"Havoc","floor":23,"key":"SMITH"},{"data":"Disarm","floor":27,"key":"SMITH"},{"data":"Dark Embrace","floor":30,"key":"SMITH"},{"data":"Dark Embrace","floor":32,"key":"SMITH"},{"floor":45,"key":"RECALL"},{"floor":49,"key":"REST"},{"floor":53,"key":"REST"}],"neow_cost":"CURSE","seed_source_timestamp":1571454390168000,"circlet_count":0,"master_deck":["AscendersBane","Strike_R","Defend_R","Defend_R","Clumsy","Heavy Blade+1","Dark Embrace","True Grit+1","Uppercut+1","Shrug It Off","Cleave","Thunderclap","Dark Embrace+1","Impervious+1","Heavy Blade+1","Hemokinesis+1","Limit Break+1","Intimidate","Dark Embrace+1","Disarm+1","Havoc+1","Disarm","Dark Embrace","Limit Break","Heavy Blade+1","Dark Shackles+1","Anger+1","Reaper","Burning Pact+1","Armaments+1","Brutality","Pummel","Shrug It Off+1","Reaper","Offering"],"relics":["Burning Blood","Brimstone","Kunai","Ancient Tea Set","Happy Flower","Mummified Hand","Anchor","Astrolabe","Centennial Puzzle","Gremlin Horn","Fusion Hammer","Gambling Chip","Orichalcum","Singing Bowl","Orrery","War Paint","Oddly Smooth Stone","Pantograph"],"potions_floor_usage":[12,14,20,24,38,56,56],"damage_taken":[{"damage":9,"enemies":"Jaw Worm","floor":1,"turns":5},{"damage":2,"enemies":"Small Slimes","floor":4,"turns":2},{"damage":28,"enemies":"3 Sentries","floor":7,"turns":6},{"damage":23,"enemies":"Lagavulin Event","floor":10,"turns":5},{"damage":0,"enemies":"2 Louse","floor":11,"turns":2},{"damage":5,"enemies":"Lagavulin","floor":12,"turns":4},{"damage":2,"enemies":"Exordium Thugs","floor":13,"turns":2},{"damage":0,"enemies":"Gremlin Nob","floor":14,"turns":2},{"damage":15,"enemies":"Slime Boss","floor":16,"turns":5},{"damage":11,"enemies":"Chosen","floor":18,"turns":3},{"damage":6,"enemies":"2 Thieves","floor":20,"turns":3},{"damage":0,"enemies":"Centurion and Healer","floor":21,"turns":5},{"damage":0,"enemies":"Snake Plant","floor":22,"turns":4},{"damage":0,"enemies":"Gremlin Leader","floor":24,"turns":4},{"damage":13,"enemies":"Cultist and Chosen","floor":25,"turns":4},{"damage":15,"enemies":"Book of Stabbing","floor":29,"turns":5},{"damage":14,"enemies":"Shelled Parasite and Fungi","floor":31,"turns":2},{"damage":5,"enemies":"Champ","floor":33,"turns":4},{"damage":1,"enemies":"Orb Walker","floor":35,"turns":2},{"damage":1,"enemies":"3 Darklings","floor":37,"turns":4},{"damage":10,"enemies":"2 Orb Walkers","floor":38,"turns":2},{"damage":0,"enemies":"Writhing Mass","floor":39,"turns":4},{"damage":18,"enemies":"Giant Head","floor":40,"turns":5},{"damage":24,"enemies":"Spire Growth","floor":42,"turns":4},{"damage":42,"enemies":"Nemesis","floor":46,"turns":5},{"damage":24,"enemies":"Sphere and 2 Shapes","floor":47,"turns":4},{"damage":4,"enemies":"Giant Head","floor":48,"turns":4},{"damage":5,"enemies":"Awakened One","floor":50,"turns":5},{"damage":4,"enemies":"Time Eater","floor":51,"turns":5},{"damage":47,"enemies":"Shield and Spear","floor":55,"turns":4},{"damage":101,"enemies":"The Heart","floor":56,"turns":6}],"seed_played":"-8623249884699394070","potions_obtained":[{"floor":7,"key":"Explosive Potion"},{"floor":10,"key":"AttackPotion"},{"floor":13,"key":"SteroidPotion"},{"floor":14,"key":"SmokeBomb"},{"floor":18,"key":"SneckoOil"},{"floor":20,"key":"Explosive Potion"},{"floor":22,"key":"ElixirPotion"},{"floor":33,"key":"SkillPotion"},{"floor":40,"key":"Explosive Potion"},{"floor":42,"key":"FearPotion"},{"floor":46,"key":"BloodPotion"},{"floor":48,"key":"DuplicationPotion"}],"is_trial":false,"path_per_floor":["M","?","$","M","?","R","E","R","T","?","M","E","M","E","R","B",null,"M","$","M","M","M","R","E","M","T","R","$","E","R","M","R","B",null,"M","?","M","?","M","E","$","M","T","$","R","E","M","E","R","B","B",null,"R","$","E","B",null],"character_chosen":"IRONCLAD","items_purchased":["Brimstone","Dark Embrace","True Grit","Uppercut","Dark Embrace","Disarm","Dark Shackles","Orrery","Reaper","PowerPotion"],"campfire_rested":2,"item_purchase_floors":[3,3,3,3,19,19,28,44,54,54],"current_hp_per_floor":[65,65,65,69,62,62,40,40,40,23,29,30,34,40,40,31,64,59,59,59,65,71,71,75,68,68,68,68,59,59,51,51,52,69,75,75,75,71,75,65,65,75,75,83,83,71,83,85,85,85,85,85,85,85,85,64],"gold":82,"neow_bonus":"TWO_FIFTY_GOLD","is_prod":false,"is_daily":false,"chose_seed":false,"campfire_upgraded":7,"win_rate":0,"timestamp":1650749775,"path_taken":["M","?","$","M","?","R","E","R","T","?","M","E","M","E","R","BOSS","M","$","M","M","M","R","E","M","T","R","$","E","R","M","R","BOSS","M","?","M","?","M","E","?","M","T","$","R","E","?","E","R","BOSS","BOSS","R","$","E","BOSS"],"build_version":"2022-03-07","purchased_purges":3,"victory":true,"max_hp_per_floor":[75,75,75,75,75,75,75,75,75,75,75,75,75,75,75,75,75,75,75,75,75,75,75,75,75,75,75,75,75,75,75,75,75,75,75,75,75,75,75,75,75,75,75,83,83,83,83,85,85,85,85,85,85,85,85,85],"relic_stats":{"Happy Flower":[34],"Gremlin Horn":[10,10],"Singing Bowl":10,"counters":[31,121],"Astrolabe":["Heavy Blade","Hemokinesis","Limit Break"],"Orichalcum":[60],"War Paint":["Dark Shackles","Impervious"],"Ancient Tea Set":[16],"Burning Blood":142,"Centennial Puzzle":[48],"Mummified Hand":[70],"Gambling Chip":[35],"Pantograph":0,"Kunai":[24],"obtain_stats":[{"Happy Flower":10,"Gremlin Horn":29,"Singing Bowl":43,"Astrolabe":17,"Oddly Smooth Stone":48,"Orichalcum":40,"War Paint":46,"Ancient Tea Set":9,"Burning Blood":0,"Anchor":14,"Centennial Puzzle":24,"Brimstone":3,"Mummified Hand":12,"Gambling Chip":38,"Pantograph":55,"Orrery":44,"Fusion Hammer":34,"Kunai":7},{"Happy Flower":4,"Gremlin Horn":16,"Singing Bowl":24,"Astrolabe":9,"Oddly Smooth Stone":27,"Orichalcum":23,"War Paint":25,"Ancient Tea Set":3,"Burning Blood":0,"Anchor":8,"Centennial Puzzle":14,"Brimstone":1,"Mummified Hand":6,"Gambling Chip":21,"Pantograph":30,"Orrery":24,"Fusion Hammer":18,"Kunai":3},{"Happy Flower":18,"Gremlin Horn":61,"Singing Bowl":88,"Astrolabe":33,"Oddly Smooth Stone":101,"Orichalcum":84,"War Paint":93,"Ancient Tea Set":13,"Burning Blood":0,"Anchor":28,"Centennial Puzzle":52,"Brimstone":5,"Mummified Hand":24,"Gambling Chip":75,"Pantograph":115,"Orrery":88,"Fusion Hammer":67,"Kunai":13}]},"card_choices":[{"not_picked":["Warcry","Body Slam"],"picked":"Heavy Blade","floor":1},{"not_picked":["Havoc","Armaments"],"picked":"Shrug It Off","floor":4},{"not_picked":["Body Slam","Twin Strike","Dark Embrace"],"picked":"SKIP","floor":7},{"not_picked":["True Grit","Clash"],"picked":"Cleave","floor":11},{"not_picked":["Berserk","Iron Wave","Seeing Red"],"picked":"SKIP","floor":12},{"not_picked":["Warcry","Havoc"],"picked":"Thunderclap","floor":13},{"not_picked":["Body Slam","Seeing Red"],"picked":"Dark Embrace","floor":14},{"not_picked":["Brutality","Berserk"],"picked":"Impervious","floor":16},{"not_picked":["Searing Blow","Havoc"],"picked":"Intimidate","floor":18},{"not_picked":["Thunderclap","Shrug It Off"],"picked":"Havoc","floor":20},{"not_picked":["Cleave","Evolve"],"picked":"Disarm","floor":21},{"not_picked":["Thunderclap","Pommel Strike"],"picked":"Dark Embrace","floor":22},{"not_picked":["Fire Breathing","Cleave"],"picked":"Limit Break","floor":24},{"not_picked":["Armaments","Havoc"],"picked":"Heavy Blade+1","floor":25},{"not_picked":["Whirlwind","Clothesline+1"],"picked":"Anger+1","floor":29},{"not_picked":["Blood for Blood","Twin Strike","Clash"],"picked":"SKIP","floor":31},{"not_picked":["Demon Form","Bludgeon"],"picked":"Reaper","floor":33},{"not_picked":["Flex","Perfected Strike"],"picked":"Burning Pact+1","floor":35},{"not_picked":["Combust+1","Headbutt"],"picked":"Armaments+1","floor":37},{"not_picked":["Flex","Thunderclap","Pommel Strike+1"],"picked":"SKIP","floor":39},{"not_picked":["Iron Wave+1","Juggernaut","Dark Embrace"],"picked":"SKIP","floor":40},{"not_picked":["Body Slam","Pommel Strike","Havoc"],"picked":"SKIP","floor":42},{"not_picked":["Cleave","Rupture","Flex"],"picked":"Singing Bowl","floor":44},{"not_picked":["True Grit","Heavy Blade","Iron Wave+1"],"picked":"Singing Bowl","floor":44},{"not_picked":["Cleave+1","Blood for Blood+1","Dark Embrace"],"picked":"Singing Bowl","floor":44},{"not_picked":["Heavy Blade","Flex","Thunderclap"],"picked":"Singing Bowl","floor":44},{"not_picked":["Pommel Strike","Flex"],"picked":"Brutality","floor":44},{"not_picked":["Blood for Blood","Hemokinesis+1"],"picked":"Pummel","floor":46},{"not_picked":["Perfected Strike+1","Rupture"],"picked":"Shrug It Off+1","floor":47},{"not_picked":["Reckless Charge","Spot Weakness","Pummel"],"picked":"Singing Bowl","floor":48},{"not_picked":["Sword Boomerang","Perfected Strike+1"],"picked":"Offering","floor":55}],"player_experience":6766465,"relics_obtained":[{"floor":7,"key":"Kunai"},{"floor":9,"key":"Ancient Tea Set"},{"floor":10,"key":"Happy Flower"},{"floor":12,"key":"Mummified Hand"},{"floor":14,"key":"Anchor"},{"floor":24,"key":"Centennial Puzzle"},{"floor":29,"key":"Gremlin Horn"},{"floor":38,"key":"Gambling Chip"},{"floor":40,"key":"Orichalcum"},{"floor":43,"key":"Singing Bowl"},{"floor":46,"key":"War Paint"},{"floor":48,"key":"Oddly Smooth Stone"},{"floor":55,"key":"Pantograph"}],"event_choices":[{"damage_healed":0,"gold_gain":0,"cards_transformed":["Strike_R"],"player_choice":"Change","damage_taken":0,"max_hp_gain":0,"max_hp_loss":0,"event_name":"Living Wall","floor":2,"gold_loss":0,"cards_obtained":["Hemokinesis"]},{"cards_removed":["Bash"],"damage_healed":0,"gold_gain":0,"player_choice":"Card Removal","damage_taken":7,"max_hp_gain":0,"max_hp_loss":0,"event_name":"Golden Wing","floor":5,"gold_loss":0},{"damage_healed":0,"gold_gain":0,"player_choice":"Searched \u00272\u0027 times","damage_taken":0,"max_hp_gain":0,"max_hp_loss":0,"event_name":"Dead Adventurer","floor":10,"gold_loss":0},{"damage_healed":0,"gold_gain":0,"player_choice":"Ignored","damage_taken":0,"max_hp_gain":0,"max_hp_loss":0,"event_name":"Tomb of Lord Red Mask","floor":36,"gold_loss":0},{"damage_healed":0,"gold_gain":0,"player_choice":"Fight","damage_taken":0,"max_hp_gain":0,"max_hp_loss":0,"event_name":"Mysterious Sphere","floor":38,"gold_loss":0}],"is_beta":false,"boss_relics":[{"not_picked":["Calling Bell","Coffee Dripper"],"picked":"Astrolabe"},{"not_picked":["Sozu","Tiny House"],"picked":"Fusion Hammer"}],"items_purged_floors":[19,28,54],"is_endless":false,"potions_floor_spawned":[7,10,13,14,18,20,22,33,37,40,42,46,48,55],"ascension_level":20}