{"gold_per_floor":[117,131,33,52,52,93,93,127,127,163,187,187,221,290,290,384,384,408,458,458,50,73,107,107,156,156,156,156,81,81,121,121,229,229,252,276,82,82,109,151,165,188,188,231,246,286,328,158,158,158,158,158,158,33,67,67],"floor_reached":57,"playtime":3822,"items_purged":["Strike_R","Strike_R","Defend_R"],"score":3248,"play_id":"e876e4d6-9fd0-414a-bd10-c46d3d267f0e","local_time":"20220416190654","is_ascension_mode":true,"campfire_choices":[{"data":"Sword Boomerang","floor":7,"key":"SMITH"},{"data":"Bash","floor":12,"key":"SMITH"},{"data":"Inflame","floor":15,"key":"SMITH"},{"data":"Rupture","floor":24,"key":"SMITH"},{"data":"Feed","floor":27,"key":"SMITH"},{"data":"Whirlwind","floor":30,"key":"SMITH"},{"data":"Offering","floor":32,"key":"SMITH"},{"floor":49,"key":"RECALL"},{"data":"Feel No Pain","floor":53,"key":"SMITH"}],"neow_cost":"NONE","seed_source_timestamp":972908477522100,"circlet_count":0,"master_deck":["AscendersBane","Strike_R","Strike_R","Defend_R","Defend_R+1","Defend_R","Bash+1","Twin Strike","Pummel","Flame Barrier","Sword Boomerang+1","Offering+1","Flame Barrier","Feed+1","Shrug It Off","Inflame+1","Battle Trance","Limit Break","Whirlwind+1","Pain","Rupture+1","Battle Trance","Burning Pact","Shrug It Off","Dark Embrace+1","Impervious","Havoc+1","Pummel+1","Bloodletting+1","Dark Embrace","Sentinel","Pommel Strike+1","Havoc+1","Reaper","Disarm+1","Feel No Pain+1"],"relics":["Burning Blood","Boot","Golden Idol","Letter Opener","Blue Candle","Question Card","Paper Frog","Gambling Chip","Ornamental Fan","Coffee Dripper","WarpedTongs","Bag of Marbles","Toolbox","Happy Flower","CeramicFish","White Beast Statue","Vajra","Runic Cube","Frozen Eye","War Paint","Eternal Feather","Du-Vu Doll","Darkstone Periapt","Blood Vial"],"potions_floor_usage":[6,8,14,16,25,31,33,33,33,35,41,42,55,56],"damage_taken":[{"damage":11,"enemies":"Jaw Worm","floor":1,"turns":6},{"damage":14,"enemies":"Small Slimes","floor":2,"turns":4},{"damage":1,"enemies":"2 Louse","floor":4,"turns":3},{"damage":8,"enemies":"Gremlin Nob","floor":6,"turns":3},{"damage":24,"enemies":"Lagavulin","floor":8,"turns":7},{"damage":13,"enemies":"Gremlin Nob","floor":10,"turns":3},{"damage":9,"enemies":"Blue Slaver","floor":11,"turns":2},{"damage":16,"enemies":"3 Sentries","floor":13,"turns":7},{"damage":6,"enemies":"3 Sentries","floor":14,"turns":5},{"damage":12,"enemies":"Hexaghost","floor":16,"turns":7},{"damage":6,"enemies":"Chosen","floor":18,"turns":1},{"damage":6,"enemies":"2 Thieves","floor":22,"turns":2},{"damage":6,"enemies":"Slavers","floor":23,"turns":2},{"damage":32,"enemies":"Book of Stabbing","floor":25,"turns":4},{"damage":8,"enemies":"Slavers","floor":31,"turns":3},{"damage":26,"enemies":"Collector","floor":33,"turns":4},{"damage":6,"enemies":"3 Darklings","floor":35,"turns":4},{"damage":7,"enemies":"3 Shapes","floor":36,"turns":4},{"damage":8,"enemies":"Maw","floor":39,"turns":5},{"damage":7,"enemies":"Nemesis","floor":40,"turns":3},{"damage":15,"enemies":"Transient","floor":41,"turns":6},{"damage":8,"enemies":"Sphere and 2 Shapes","floor":42,"turns":3},{"damage":14,"enemies":"Reptomancer","floor":44,"turns":2},{"damage":0,"enemies":"3 Darklings","floor":45,"turns":1},{"damage":7,"enemies":"Mind Bloom Boss Battle","floor":46,"turns":2},{"damage":17,"enemies":"Giant Head","floor":47,"turns":3},{"damage":29,"enemies":"Donu and Deca","floor":50,"turns":4},{"damage":11,"enemies":"Time Eater","floor":51,"turns":5},{"damage":42,"enemies":"Shield and Spear","floor":55,"turns":4},{"damage":94,"enemies":"The Heart","floor":56,"turns":4}],"seed_played":"4891212410072987298","potions_obtained":[{"floor":6,"key":"LiquidMemories"},{"floor":8,"key":"AttackPotion"},{"floor":13,"key":"AttackPotion"},{"floor":14,"key":"EntropicBrew"},{"floor":16,"key":"CultistPotion"},{"floor":23,"key":"LiquidMemories"},{"floor":25,"key":"Strength Potion"},{"floor":31,"key":"PowerPotion"},{"floor":33,"key":"FairyPotion"},{"floor":35,"key":"Explosive Potion"},{"floor":36,"key":"AttackPotion"},{"floor":41,"key":"Energy Potion"},{"floor":42,"key":"ColorlessPotion"},{"floor":55,"key":"DistilledChaos"}],"is_trial":false,"path_per_floor":["M","M","$","M","?","E","R","E","T","E","M","R","E","?","R","B",null,"M","?","?","$","M","E","R","E","T","R","?","$","R","E","R","B",null,"M","M","$","?","M","E","M","M","T","E","M","?","E","$","R","B","B",null,"R","$","E","B",null],"character_chosen":"IRONCLAD","items_purchased":["Fire Potion","Flame Barrier","Bag of Marbles","Rupture","Toolbox","Frozen Eye","Bloodletting","Feel No Pain"],"campfire_rested":0,"item_purchase_floors":[3,3,21,21,21,37,37,48],"current_hp_per_floor":[63,55,55,60,60,58,58,40,40,33,30,30,23,26,26,23,64,67,67,67,67,70,73,73,47,47,47,42,42,42,44,44,28,78,82,85,85,85,83,86,81,83,83,79,89,92,130,130,130,134,134,134,134,134,129,142],"gold":67,"neow_bonus":"RANDOM_COMMON_RELIC","is_prod":false,"is_daily":false,"chose_seed":false,"campfire_upgraded":8,"win_rate":0,"timestamp":1650150414,"path_taken":["M","M","$","M","?","E","R","E","T","E","M","R","E","?","R","BOSS","M","?","?","$","?","E","R","E","T","R","?","$","R","E","R","BOSS","M","M","$","?","?","E","M","M","T","E","M","?","E","$","R","BOSS","BOSS","R","$","E","BOSS"],"build_version":"2022-03-07","purchased_purges":3,"victory":true,"max_hp_per_floor":[75,75,75,75,68,68,68,68,68,68,68,68,71,74,74,77,77,80,80,80,80,83,86,86,86,86,86,86,86,86,90,90,94,94,98,102,102,102,102,106,110,114,114,118,122,126,130,130,130,134,134,134,134,134,138,142],"relic_stats":{"Darkstone Periapt":0,"Happy Flower":[20],"counters":[30,113],"Golden Idol":235,"Blue Candle":[21],"CeramicFish":117,"Eternal Feather":0,"Letter Opener":[268],"War Paint":["Bloodletting","Defend_R"],"Boot":[125],"Question Card":22,"Burning Blood":161,"White Beast Statue":[0.0,0.0,0.0,0.4,0.0,0.6000000000000001,0.0,0.0,0.0,0.0,0.0,5.773687091200003],"WarpedTongs":[62],"Blood Vial":2,"Frozen Eye":270.09772,"Ornamental Fan":[104],"Gambling Chip":[63],"obtain_stats":[{"Darkstone Periapt":47,"Happy Flower":23,"Golden Idol":5,"Blue Candle":8,"CeramicFish":25,"Vajra":31,"Eternal Feather":44,"Letter Opener":6,"War Paint":40,"Boot":0,"Question Card":9,"Burning Blood":0,"White Beast Statue":26,"WarpedTongs":20,"Du-Vu Doll":46,"Blood Vial":55,"Frozen Eye":37,"Ornamental Fan":14,"Gambling Chip":13,"Toolbox":21,"Coffee Dripper":17,"Bag of Marbles":21,"Paper Frog":10,"Runic Cube":34},{"Darkstone Periapt":26,"Happy Flower":13,"Golden Idol":3,"Blue Candle":5,"CeramicFish":14,"Vajra":15,"Eternal Feather":23,"Letter Opener":4,"War Paint":20,"Boot":0,"Question Card":5,"Burning Blood":0,"White Beast Statue":14,"WarpedTongs":11,"Du-Vu Doll":25,"Blood Vial":29,"Frozen Eye":18,"Ornamental Fan":9,"Gambling Chip":8,"Toolbox":11,"Coffee Dripper":10,"Bag of Marbles":11,"Paper Frog":6,"Runic Cube":16},{"Darkstone Periapt":96,"Happy Flower":52,"Golden Idol":13,"Blue Candle":23,"CeramicFish":56,"Vajra":59,"Eternal Feather":90,"Letter Opener":16,"War Paint":79,"Boot":0,"Question Card":23,"Burning Blood":0,"White Beast Statue":56,"WarpedTongs":48,"Du-Vu Doll":93,"Blood Vial":109,"Frozen Eye":71,"Ornamental Fan":40,"Gambling Chip":35,"Toolbox":48,"Coffee Dripper":47,"Bag of Marbles":48,"Paper Frog":26,"Runic Cube":63}],"Runic Cube":[100]},"card_choices":[{"not_picked":["Clothesline","Sentinel"],"picked":"Twin Strike","floor":1},{"not_picked":["Iron Wave","Bloodletting"],"picked":"Pummel","floor":2},{"not_picked":["Wild Strike","Bloodletting"],"picked":"Sword Boomerang","floor":4},{"not_picked":["Havoc","Bludgeon"],"picked":"Offering","floor":6},{"not_picked":["Heavy Blade","Burning Pact"],"picked":"Flame Barrier","floor":8},{"not_picked":["Headbutt","Iron Wave","Anger"],"picked":"Feed","floor":10},{"not_picked":["Intimidate","Second Wind","Warcry"],"picked":"Shrug It Off","floor":11},{"not_picked":["Iron Wave","Wild Strike","Feed"],"picked":"Inflame","floor":13},{"not_picked":["Headbutt","Iron Wave","Anger"],"picked":"Battle Trance","floor":14},{"not_picked":["Immolate","Demon Form","Berserk"],"picked":"Limit Break","floor":16},{"not_picked":["Dropkick","Clash","Cleave"],"picked":"Whirlwind","floor":18},{"not_picked":["Fire Breathing+1","Clothesline","Flame Barrier"],"picked":"Battle Trance","floor":22},{"not_picked":["Perfected Strike+1","Sentinel","Combust"],"picked":"Burning Pact","floor":23},{"not_picked":["Wild Strike","Second Wind","Clothesline"],"picked":"Shrug It Off","floor":25},{"not_picked":["Burning Pact","Shrug It Off","Pommel Strike"],"picked":"Dark Embrace+1","floor":31},{"not_picked":["Double Tap","Bludgeon","Berserk"],"picked":"Impervious","floor":33},{"not_picked":["Headbutt","Shrug It Off","Body Slam"],"picked":"Havoc+1","floor":35},{"not_picked":["Twin Strike","Body Slam","Warcry"],"picked":"Pummel+1","floor":36},{"not_picked":["Wild Strike+1","Battle Trance","Rage"],"picked":"Dark Embrace","floor":39},{"not_picked":["Fire Breathing","Clash","Wild Strike"],"picked":"Sentinel","floor":40},{"not_picked":["Wild Strike","Second Wind","Carnage","Perfected Strike"],"picked":"SKIP","floor":41},{"not_picked":["Ghostly Armor","Reckless Charge","Perfected Strike+1"],"picked":"Pommel Strike+1","floor":42},{"not_picked":["Sword Boomerang","Whirlwind","Twin Strike"],"picked":"Havoc+1","floor":44},{"not_picked":["Inflame","Havoc","Uppercut","Twin Strike"],"picked":"SKIP","floor":45},{"not_picked":["Iron Wave","Havoc","Heavy Blade"],"picked":"Reaper","floor":46},{"not_picked":["Headbutt+1","Armaments","Rampage"],"picked":"Disarm+1","floor":47},{"not_picked":["Juggernaut","Body Slam","Headbutt","Shrug It Off"],"picked":"SKIP","floor":55}],"player_experience":6703199,"relics_obtained":[{"floor":6,"key":"Letter Opener"},{"floor":8,"key":"Blue Candle"},{"floor":9,"key":"Question Card"},{"floor":10,"key":"Paper Frog"},{"floor":13,"key":"Gambling Chip"},{"floor":14,"key":"Ornamental Fan"},{"floor":23,"key":"Happy Flower"},{"floor":25,"key":"CeramicFish"},{"floor":26,"key":"White Beast Statue"},{"floor":31,"key":"Vajra"},{"floor":40,"key":"War Paint"},{"floor":44,"key":"Eternal Feather"},{"floor":46,"key":"Du-Vu Doll"},{"floor":47,"key":"Darkstone Periapt"},{"floor":55,"key":"Blood Vial"}],"event_choices":[{"damage_healed":0,"gold_gain":0,"player_choice":"Lose Max HP","damage_taken":0,"relics_obtained":["Golden Idol"],"max_hp_gain":0,"max_hp_loss":7,"event_name":"Golden Idol","floor":5,"gold_loss":0},{"damage_healed":0,"gold_gain":0,"player_choice":"Searched \u00271\u0027 times","damage_taken":0,"max_hp_gain":0,"max_hp_loss":0,"event_name":"Dead Adventurer","floor":14,"gold_loss":0},{"damage_healed":0,"gold_gain":50,"player_choice":"Stole From Cult","damage_taken":0,"max_hp_gain":0,"max_hp_loss":0,"event_name":"Nest","floor":19,"gold_loss":0},{"damage_healed":0,"gold_gain":0,"player_choice":"Rummage","damage_taken":0,"relics_obtained":["WarpedTongs"],"max_hp_gain":0,"max_hp_loss":0,"event_name":"Accursed Blacksmith","floor":20,"gold_loss":0,"cards_obtained":["Pain"]},{"damage_healed":0,"gold_gain":0,"player_choice":"Bought 0 Potions","damage_taken":0,"max_hp_gain":0,"max_hp_loss":0,"event_name":"The Woman in Blue","floor":28,"gold_loss":0},{"cards_removed":["Strike_R"],"damage_healed":0,"gold_gain":0,"player_choice":"Purged","damage_taken":0,"max_hp_gain":0,"max_hp_loss":0,"event_name":"Purifier","floor":38,"gold_loss":0},{"damage_healed":0,"gold_gain":0,"player_choice":"Fight","damage_taken":0,"max_hp_gain":0,"max_hp_loss":0,"event_name":"MindBloom","floor":46,"gold_loss":0}],"is_beta":false,"boss_relics":[{"not_picked":["Astrolabe","Ectoplasm"],"picked":"Coffee Dripper"},{"not_picked":["SacredBark","Velvet Choker"],"picked":"Runic Cube"}],"items_purged_floors":[29,48,54],"is_endless":false,"potions_floor_spawned":[6,8,13,14,16,23,25,31,33,35,36,39,40,41,42,44,45,46,47,55],"ascension_level":20}