{"gold_per_floor":[110,122,140,154,168,168,187,187,210,221,250,250,275,275,275,275],"floor_reached":16,"playtime":719,"items_purged":[],"score":208,"play_id":"91aafad0-919b-46a8-8442-7a88320d14de","local_time":"20220416180218","is_ascension_mode":true,"campfire_choices":[{"data":"Flex","floor":6,"key":"SMITH"},{"data":"Whirlwind","floor":8,"key":"SMITH"},{"data":"True Grit","floor":12,"key":"SMITH"},{"data":"Battle Trance","floor":15,"key":"SMITH"}],"neow_cost":"PERCENT_DAMAGE","seed_source_timestamp":972159737477700,"circlet_count":0,"master_deck":["AscendersBane","Strike_R","Strike_R","Strike_R","Defend_R","Defend_R","Defend_R+1","Defend_R","Bash","Rampage","Whirlwind+1","Thunderclap","Shrug It Off","True Grit+1","Flex+1","Spot Weakness","Dropkick+1","Bloodletting","Barricade","Battle Trance+1"],"relics":["Burning Blood","Meat on the Bone","Odd Mushroom"],"potions_floor_usage":[7,11],"damage_taken":[{"damage":0,"enemies":"Small Slimes","floor":1,"turns":2},{"damage":7,"enemies":"Jaw Worm","floor":2,"turns":3},{"damage":1,"enemies":"Cultist","floor":3,"turns":3},{"damage":3,"enemies":"Red Slaver","floor":4,"turns":5},{"damage":12,"enemies":"3 Louse","floor":5,"turns":3},{"damage":12,"enemies":"Exordium Wildlife","floor":7,"turns":2},{"damage":8,"enemies":"Blue Slaver","floor":10,"turns":5},{"damage":18,"enemies":"Lagavulin","floor":11,"turns":6},{"damage":0,"enemies":"The Mushroom Lair","floor":13,"turns":2},{"damage":36,"enemies":"Hexaghost","floor":16,"turns":9}],"seed_played":"-2134589995969399356","potions_obtained":[{"floor":4,"key":"Ancient Potion"},{"floor":5,"key":"AttackPotion"},{"floor":7,"key":"Weak Potion"},{"floor":11,"key":"Fire Potion"}],"is_trial":false,"path_per_floor":["M","M","M","M","M","R","M","R","T","M","E","R","?","?","R","B"],"character_chosen":"IRONCLAD","items_purchased":[],"campfire_rested":0,"item_purchase_floors":[],"current_hp_per_floor":[56,55,60,63,57,57,51,51,51,49,37,37,55,32,32,0],"gold":275,"neow_bonus":"TRANSFORM_TWO_CARDS","is_prod":false,"is_daily":false,"chose_seed":false,"campfire_upgraded":4,"win_rate":0,"timestamp":1650146538,"path_taken":["M","M","M","M","M","R","M","R","T","M","E","R","?","?","R","BOSS"],"build_version":"2022-03-07","purchased_purges":0,"victory":false,"max_hp_per_floor":[75,75,75,75,75,75,75,75,75,75,75,75,75,75,75,75],"relic_stats":{"counters":[10,40],"obtain_stats":[{"Odd Mushroom":13,"Burning Blood":0,"Meat on the Bone":11},{"Odd Mushroom":9,"Burning Blood":0,"Meat on the Bone":8},{"Odd Mushroom":31,"Burning Blood":0,"Meat on the Bone":29}],"Burning Blood":54,"Meat on the Bone":12},"card_choices":[{"not_picked":["Twin Strike","Armaments"],"picked":"Thunderclap","floor":1},{"not_picked":["Warcry","Ghostly Armor"],"picked":"Shrug It Off","floor":2},{"not_picked":["Sword Boomerang","Entrench"],"picked":"True Grit","floor":3},{"not_picked":["Iron Wave","Armaments"],"picked":"Flex","floor":4},{"not_picked":["Flex","Clothesline"],"picked":"Spot Weakness","floor":5},{"not_picked":["Perfected Strike","Searing Blow"],"picked":"Dropkick","floor":7},{"not_picked":["Body Slam","Perfected Strike"],"picked":"Bloodletting","floor":10},{"not_picked":["Intimidate","Reckless Charge"],"picked":"Barricade","floor":11},{"not_picked":["Armaments","Body Slam"],"picked":"Battle Trance","floor":13}],"player_experience":6702480,"relics_obtained":[{"floor":11,"key":"Meat on the Bone"},{"floor":13,"key":"Odd Mushroom"}],"event_choices":[{"damage_healed":0,"gold_gain":0,"player_choice":"Fought Mushrooms","damage_taken":0,"max_hp_gain":0,"max_hp_loss":0,"event_name":"Mushrooms","floor":13,"gold_loss":0},{"damage_healed":0,"gold_gain":0,"player_choice":"Entered Light","damage_taken":23,"max_hp_gain":0,"max_hp_loss":0,"event_name":"Shining Light","floor":14,"gold_loss":0,"cards_upgraded":["Dropkick","Defend_R"]}],"is_beta":false,"boss_relics":[],"items_purged_floors":[],"is_endless":false,"potions_floor_spawned":[4,5,7,11],"killed_by":"Hexaghost","ascension_level":20}