{"gold_per_floor":[209,219,144,157,170,170,184,200,200,235,246,73,101,101,101,178,178,198,211,53,66,79,79,79,110,134,134,134,165,178,209,209,284,284,294,314,314,371,387,417,55,82,128,128,153,153,103,116,116,116,116,116,116,31,58,58],"floor_reached":57,"playtime":5871,"items_purged":["Bash"],"score":2953,"play_id":"be220fd2-69aa-4dc0-bc93-fddb1c1d8cbe","local_time":"20220503141102","is_ascension_mode":true,"campfire_choices":[{"data":"Uppercut","floor":6,"key":"SMITH"},{"data":"Battle Trance","floor":15,"key":"SMITH"},{"data":"Dark Embrace","floor":23,"key":"SMITH"},{"data":"Fiend Fire","floor":27,"key":"SMITH"},{"data":"J.A.X.","floor":32,"key":"SMITH"},{"data":"Battle Trance","floor":44,"key":"SMITH"},{"floor":46,"key":"RECALL"},{"data":"Disarm","floor":49,"key":"SMITH"},{"data":"Barricade","floor":53,"key":"SMITH"}],"neow_cost":"NONE","seed_source_timestamp":2421864427279700,"shop_contents":[{"floor":12,"relics":["Vajra","Strange Spoon"],"cards":["Rampage","Twin Strike","Shockwave","Power Through","Rupture","PanicButton","Panache"],"potions":["Fruit Juice","Fruit Juice","GamblersBrew"]},{"floor":20,"relics":["Regal Pillow","Prayer Wheel"],"cards":["Heavy Blade","Twin Strike","Armaments","Flame Barrier","Dark Embrace","Discovery","HandOfGreed"],"potions":["Explosive Potion","ColorlessPotion","Strength Potion"]},{"floor":41,"relics":["Nunchaku","Ancient Tea Set"],"cards":["Thunderclap","Armaments","Fire Breathing","Finesse","Secret Weapon"],"potions":["LiquidMemories","Swift Potion","DuplicationPotion"]},{"floor":54,"relics":["Bottled Tornado","Pen Nib","Chemical X"],"cards":["Bludgeon","Whirlwind","Limit Break","Shockwave","Mind Blast","The Bomb"],"potions":["AttackPotion","AttackPotion","PowerPotion"]}],"circlet_count":0,"master_deck":["AscendersBane","Strike_R+1","Strike_R+1","Strike_R+1","Strike_R+1","Defend_R+1","Defend_R+1","Defend_R+1","Defend_R+1","Uppercut+1","Battle Trance+1","Twin Strike","Flame Barrier","Fiend Fire+1","Battle Trance+1","Flame Barrier","Headbutt","Reaper","Warcry+1","Dark Embrace+1","Reaper","J.A.X.+1","Inflame","Flex+1","Disarm+1","Immolate+1","Sword Boomerang","Dark Embrace","Pummel","Shockwave+1","Spot Weakness+1","Barricade+1","Feel No Pain+1","Feel No Pain","Exhume"],"potion_use_per_floor":[[],[],[],[],[],[],["DistilledChaos"],[],[],[],["Block Potion"],[],[],[],[],["EssenceOfSteel"],[],[],[],[],[],[],[],[],[],[],[],[],[],[],["AttackPotion"],[],[],[],[],[],["BloodPotion"],[],[],["PowerPotion"],[],["PowerPotion"],[],[],[],[],[],[],[],[],[],[],[],[],["Strength Potion"],["Ancient Potion","SkillPotion"],[]],"relics":["Burning Blood","PreservedInsect","Akabeko","Bronze Scales","Lantern","Mercury Hourglass","Coffee Dripper","Toolbox","Red Skull","Happy Flower","HornCleat","MealTicket","Runic Dome","StoneCalendar","OrangePellets","Letter Opener","Bag of Marbles","Pantograph"],"potions_floor_usage":[7,11,16,31,37,40,42,55,56,56],"damage_taken":[{"damage":9,"enemies":"Jaw Worm","floor":1,"turns":5},{"damage":9,"enemies":"Small Slimes","floor":2,"turns":5},{"damage":8,"enemies":"2 Louse","floor":4,"turns":4},{"damage":10,"enemies":"Blue Slaver","floor":5,"turns":6},{"damage":6,"enemies":"Lots of Slimes","floor":7,"turns":4},{"damage":15,"enemies":"Large Slime","floor":8,"turns":7},{"damage":6,"enemies":"Gremlin Nob","floor":10,"turns":3},{"damage":0,"enemies":"Gremlin Gang","floor":11,"turns":3},{"damage":15,"enemies":"3 Sentries","floor":13,"turns":4},{"damage":8,"enemies":"Hexaghost","floor":16,"turns":8},{"damage":2,"enemies":"3 Byrds","floor":18,"turns":3},{"damage":9,"enemies":"2 Thieves","floor":19,"turns":3},{"damage":16,"enemies":"Shelled Parasite and Fungi","floor":21,"turns":3},{"damage":0,"enemies":"Centurion and Healer","floor":22,"turns":3},{"damage":16,"enemies":"Book of Stabbing","floor":25,"turns":2},{"damage":7,"enemies":"Slavers","floor":29,"turns":4},{"damage":0,"enemies":"Snecko","floor":30,"turns":2},{"damage":3,"enemies":"Gremlin Leader","floor":31,"turns":3},{"damage":51,"enemies":"Automaton","floor":33,"turns":9},{"damage":8,"enemies":"3 Shapes","floor":35,"turns":3},{"damage":15,"enemies":"3 Darklings","floor":36,"turns":4},{"damage":10,"enemies":"Sphere and 2 Shapes","floor":38,"turns":3},{"damage":3,"enemies":"Writhing Mass","floor":39,"turns":3},{"damage":21,"enemies":"Giant Head","floor":40,"turns":5},{"damage":0,"enemies":"Reptomancer","floor":42,"turns":3},{"damage":7,"enemies":"Nemesis","floor":45,"turns":3},{"damage":0,"enemies":"Spire Growth","floor":48,"turns":1},{"damage":47,"enemies":"Time Eater","floor":50,"turns":9},{"damage":58,"enemies":"Awakened One","floor":51,"turns":9},{"damage":54,"enemies":"Shield and Spear","floor":55,"turns":3},{"damage":12,"enemies":"The Heart","floor":56,"turns":6}],"seed_played":"2941078137150472558","neow_bonus_log":{"cardsObtained":[],"cardsUpgraded":[],"cardsRemoved":[],"cardsTransformed":[],"relicsObtained":[],"maxHpGained":0,"goldGained":100,"damageTaken":0,"goldLost":0,"maxHpLost":0},"potions_obtained":[{"floor":1,"key":"DistilledChaos"},{"floor":5,"key":"Block Potion"},{"floor":10,"key":"SpeedPotion"},{"floor":11,"key":"BloodPotion"},{"floor":13,"key":"EssenceOfSteel"},{"floor":19,"key":"AttackPotion"},{"floor":31,"key":"LiquidBronze"},{"floor":33,"key":"Explosive Potion"},{"floor":35,"key":"BlessingOfTheForge"},{"floor":37,"key":"Strength Potion"},{"floor":38,"key":"PowerPotion"},{"floor":40,"key":"PowerPotion"},{"floor":48,"key":"Ancient Potion"},{"floor":55,"key":"SkillPotion"}],"is_trial":false,"path_per_floor":["M","M","?","M","M","R","M","M","T","E","M","$","E","?","R","B",null,"M","M","$","M","M","R","?","E","T","R","?","E","M","E","R","B",null,"M","M","?","M","M","E","$","E","T","R","E","R","?","M","R","B","B",null,"R","$","E","B",null],"character_chosen":"IRONCLAD","items_purchased":["Bronze Scales","Toolbox","OrangePellets","Pummel","Shockwave","Feel No Pain"],"campfire_rested":0,"item_purchase_floors":[12,20,41,41,41,54],"current_hp_per_floor":[65,62,62,60,56,56,56,47,47,47,53,53,44,9,9,7,58,62,59,59,49,59,59,59,49,49,49,49,74,75,75,75,55,70,68,66,75,74,75,75,75,75,75,75,75,75,75,75,75,59,61,72,72,75,38,57],"gold":58,"neow_bonus":"HUNDRED_GOLD","is_prod":false,"is_daily":false,"rewards_skipped":[{"floor":37,"relics":[],"potions":["BlessingOfTheForge"]}],"chose_seed":false,"campfire_upgraded":8,"win_rate":0,"floor_exit_playtime":[364,462,498,609,748,757,938,1089,1148,1234,1403,1582,1754,1796,1829,2051,2234,2288,2377,2437,2556,2674,2682,2774,2897,2919,2926,2996,3120,3170,3273,3289,3546,3638,3715,3817,3824,3927,4024,4160,4445,4598,4605,4615,4708,4713,4763,4808,4840,5056,5290,5319,5346,5382,5556,5871],"timestamp":1651601462,"blue_key_relic_skipped_log":{"floor":43,"relicID":"Centennial Puzzle"},"path_taken":["M","M","?","M","M","R","M","M","T","E","M","$","E","?","R","BOSS","M","M","$","M","M","R","?","E","T","R","?","E","M","E","R","BOSS","M","M","?","?","M","E","$","E","T","R","E","R","?","?","R","BOSS","BOSS","R","$","E","BOSS"],"build_version":"2022-03-07","purchased_purges":1,"victory":true,"max_hp_per_floor":[75,75,75,75,75,75,75,75,75,75,75,75,75,75,75,75,75,75,75,75,75,75,75,75,75,75,75,75,75,75,75,75,75,75,75,75,75,75,75,75,75,75,75,75,75,75,75,75,75,75,75,75,75,75,75,75],"relic_stats":{"OrangePellets":[8],"Happy Flower":[23],"counters":[31,131],"Bronze Scales":[394],"Pantograph":25,"MealTicket":3,"StoneCalendar":[48],"PreservedInsect":504,"Letter Opener":[85],"obtain_stats":[{"Lantern":13,"Happy Flower":26,"StoneCalendar":40,"PreservedInsect":9,"Letter Opener":42,"Burning Blood":0,"Akabeko":10,"Mercury Hourglass":14,"Runic Dome":34,"OrangePellets":41,"HornCleat":29,"Bronze Scales":12,"Pantograph":55,"Toolbox":20,"MealTicket":31,"Coffee Dripper":17,"Bag of Marbles":45,"Red Skull":25},{"Lantern":9,"Happy Flower":15,"StoneCalendar":24,"PreservedInsect":6,"Letter Opener":25,"Burning Blood":0,"Akabeko":7,"Mercury Hourglass":9,"Runic Dome":19,"OrangePellets":24,"HornCleat":16,"Bronze Scales":8,"Pantograph":30,"Toolbox":12,"MealTicket":18,"Coffee Dripper":10,"Bag of Marbles":26,"Red Skull":15},{"Lantern":41,"Happy Flower":62,"StoneCalendar":97,"PreservedInsect":31,"Letter Opener":100,"Burning Blood":0,"Akabeko":34,"Mercury Hourglass":41,"Runic Dome":79,"OrangePellets":97,"HornCleat":65,"Bronze Scales":37,"Pantograph":125,"Toolbox":54,"MealTicket":70,"Coffee Dripper":49,"Bag of Marbles":103,"Red Skull":62}],"Burning Blood":152,"Mercury Hourglass":[373]},"card_choices":[{"not_picked":["Ghostly Armor","Iron Wave"],"picked":"Uppercut","floor":1},{"not_picked":["Twin Strike","Flex"],"picked":"Battle Trance","floor":2},{"not_picked":["Clothesline","Clash"],"picked":"Twin Strike","floor":4},{"not_picked":["Wild Strike","Clothesline"],"picked":"Flame Barrier","floor":5},{"not_picked":["Clash","Cleave"],"picked":"Fiend Fire","floor":7},{"not_picked":["Twin Strike","Body Slam"],"picked":"Battle Trance","floor":8},{"not_picked":["Second Wind","Ghostly Armor"],"picked":"Flame Barrier","floor":10},{"not_picked":["Dual Wield","Blood for Blood"],"picked":"Headbutt","floor":11},{"not_picked":["Combust","Havoc","Rage"],"picked":"SKIP","floor":13},{"not_picked":["Fiend Fire","Impervious"],"picked":"Reaper","floor":16},{"not_picked":["Warcry","Searing Blow","Wild Strike"],"picked":"SKIP","floor":18},{"not_picked":["Infernal Blade","Second Wind"],"picked":"Warcry+1","floor":21},{"not_picked":["Armaments","Warcry"],"picked":"Dark Embrace","floor":22},{"not_picked":["Headbutt","Warcry"],"picked":"Reaper","floor":25},{"not_picked":["Flex","Intimidate"],"picked":"Inflame","floor":29},{"not_picked":["Battle Trance","Hemokinesis"],"picked":"Flex+1","floor":30},{"not_picked":["Body Slam","Rampage"],"picked":"Disarm","floor":31},{"not_picked":["Bludgeon","Barricade"],"picked":"Immolate","floor":33},{"not_picked":["Armaments+1","Flame Barrier","Anger+1"],"picked":"SKIP","floor":35},{"not_picked":["Anger","Uppercut"],"picked":"Sword Boomerang","floor":36},{"not_picked":["Warcry","Havoc","Twin Strike+1"],"picked":"SKIP","floor":38},{"not_picked":["Twin Strike","Evolve"],"picked":"Dark Embrace","floor":39},{"not_picked":["Armaments","Body Slam"],"picked":"Spot Weakness+1","floor":42},{"not_picked":["Havoc","Dark Embrace"],"picked":"Barricade","floor":45},{"not_picked":["Flex","Inflame"],"picked":"Feel No Pain+1","floor":48},{"not_picked":["Perfected Strike","Armaments"],"picked":"Exhume","floor":55}],"player_experience":6830812,"relics_obtained":[{"floor":9,"key":"PreservedInsect"},{"floor":10,"key":"Akabeko"},{"floor":13,"key":"Lantern"},{"floor":25,"key":"Red Skull"},{"floor":26,"key":"Happy Flower"},{"floor":29,"key":"HornCleat"},{"floor":31,"key":"MealTicket"},{"floor":40,"key":"StoneCalendar"},{"floor":42,"key":"Letter Opener"},{"floor":45,"key":"Bag of Marbles"},{"floor":55,"key":"Pantograph"}],"event_choices":[{"cards_removed":["Strike_R"],"damage_healed":0,"gold_gain":0,"player_choice":"Card Removal","damage_taken":0,"max_hp_gain":0,"max_hp_loss":0,"event_name":"The Cleric","floor":3,"gold_loss":75},{"damage_healed":0,"gold_gain":0,"player_choice":"Success","damage_taken":35,"relics_obtained":["Mercury Hourglass"],"max_hp_gain":0,"max_hp_loss":0,"event_name":"Scrap Ooze","floor":14,"gold_loss":0},{"damage_healed":0,"gold_gain":0,"player_choice":"Simplicity","damage_taken":0,"max_hp_gain":0,"max_hp_loss":0,"event_name":"Back to Basics","floor":24,"gold_loss":0,"cards_upgraded":["Strike_R","Strike_R","Strike_R","Strike_R","Defend_R","Defend_R","Defend_R","Defend_R"]},{"damage_healed":0,"gold_gain":0,"player_choice":"Obtain J.A.X.","damage_taken":0,"max_hp_gain":0,"max_hp_loss":0,"event_name":"Drug Dealer","floor":28,"gold_loss":0,"cards_obtained":["J.A.X."]},{"damage_healed":0,"gold_gain":0,"player_choice":"Got Potions","damage_taken":0,"max_hp_gain":0,"max_hp_loss":0,"event_name":"Lab","floor":37,"gold_loss":0},{"damage_healed":0,"gold_gain":0,"player_choice":"Upgraded Two","damage_taken":0,"max_hp_gain":0,"max_hp_loss":0,"event_name":"Designer","floor":47,"gold_loss":50,"cards_upgraded":["Shockwave","Immolate"]}],"is_beta":false,"boss_relics":[{"not_picked":["Velvet Choker","Mark of Pain"],"picked":"Coffee Dripper"},{"not_picked":["Busted Crown","SacredBark"],"picked":"Runic Dome"}],"items_purged_floors":[41],"is_endless":false,"potions_floor_spawned":[1,5,10,11,13,19,31,33,35,38,40,48,55],"ascension_level":20}