{"gold_per_floor":[14,14,31,51,63,63,97,97,123,151,151,151,151,161,161,237,237,248,259,270,297,315,315],"floor_reached":23,"playtime":1907,"items_purged":[],"score":481,"play_id":"248069bd-fef9-47c2-b64d-9da0c3851f89","local_time":"20220505165206","is_ascension_mode":true,"campfire_choices":[{"data":"Clothesline","floor":6,"key":"SMITH"},{"data":"Carnage","floor":8,"key":"SMITH"},{"data":"Havoc","floor":11,"key":"SMITH"},{"data":"Cleave","floor":13,"key":"SMITH"},{"data":"Bash","floor":15,"key":"SMITH"}],"neow_cost":"NO_GOLD","seed_source_timestamp":2608318087729600,"shop_contents":[],"circlet_count":0,"master_deck":["AscendersBane","Strike_R","Strike_R","Strike_R","Defend_R","Defend_R","Defend_R","Defend_R","Bash+1","Clothesline+1","Havoc+1","Flex+1","Cleave+1","Evolve","Offering","Carnage+1","Feel No Pain","Headbutt","Feed","Shrug It Off","True Grit+1","Sever Soul+1","Feel No Pain+1"],"potion_use_per_floor":[[],[],[],[],[],[],["AttackPotion"],[],[],[],[],[],[],[],[],[],[],["AttackPotion"],[],["Block Potion","BlessingOfTheForge"],[],[],["PowerPotion"]],"relics":["Burning Blood","Tiny Chest","Bag of Preparation","Anchor","Snecko Eye","Red Mask"],"potions_floor_usage":[7,18,20,20,23],"damage_taken":[{"damage":4,"enemies":"Cultist","floor":1,"turns":4},{"damage":2,"enemies":"Small Slimes","floor":3,"turns":4},{"damage":8,"enemies":"2 Louse","floor":4,"turns":3},{"damage":26,"enemies":"Exordium Wildlife","floor":5,"turns":5},{"damage":16,"enemies":"3 Sentries","floor":7,"turns":6},{"damage":6,"enemies":"Gremlin Nob","floor":10,"turns":2},{"damage":6,"enemies":"Large Slime","floor":14,"turns":3},{"damage":17,"enemies":"Slime Boss","floor":16,"turns":6},{"damage":0,"enemies":"Spheric Guardian","floor":18,"turns":1},{"damage":0,"enemies":"Chosen","floor":19,"turns":2},{"damage":23,"enemies":"Sentry and Sphere","floor":20,"turns":7},{"damage":16,"enemies":"Masked Bandits","floor":21,"turns":3},{"damage":4,"enemies":"Cultist and Chosen","floor":22,"turns":4},{"damage":71,"enemies":"Slavers","floor":23,"turns":7}],"seed_played":"-9011958997929146973","neow_bonus_log":{"cardsObtained":["Clothesline","Havoc"],"cardsUpgraded":[],"cardsRemoved":[],"cardsTransformed":["Strike_R","Strike_R"],"relicsObtained":[],"maxHpGained":0,"goldGained":0,"damageTaken":0,"goldLost":99,"maxHpLost":0},"potions_obtained":[{"floor":4,"key":"AttackPotion"},{"floor":5,"key":"AttackPotion"},{"floor":16,"key":"Block Potion"},{"floor":19,"key":"BlessingOfTheForge"},{"floor":21,"key":"PowerPotion"}],"is_trial":false,"path_per_floor":["M","?","M","M","M","R","E","R","T","E","R","?","R","M","R","B",null,"M","M","M","?","M","E"],"character_chosen":"IRONCLAD","items_purchased":[],"campfire_rested":0,"item_purchase_floors":[],"current_hp_per_floor":[70,70,74,72,52,52,42,42,42,42,42,47,47,47,47,36,69,78,86,73,66,71,0],"gold":315,"neow_bonus":"TRANSFORM_TWO_CARDS","is_prod":false,"is_daily":false,"rewards_skipped":[],"chose_seed":false,"campfire_upgraded":5,"win_rate":0,"floor_exit_playtime":[116,129,180,252,352,403,567,580,589,648,668,678,701,756,770,925,1063,1149,1207,1392,1565,1657],"timestamp":1651783926,"path_taken":["M","?","M","M","M","R","E","R","T","E","R","?","R","M","R","BOSS","M","M","M","?","M","E"],"build_version":"2022-03-07","purchased_purges":0,"victory":false,"max_hp_per_floor":[75,75,75,75,75,75,75,75,75,75,75,80,80,80,80,80,80,83,86,90,93,96,96],"relic_stats":{"counters":[14,57],"Snecko Eye":[49,37,47,46,-77],"Tiny Chest":0,"Bag of Preparation":[18],"obtain_stats":[{"Anchor":10,"Snecko Eye":17,"Tiny Chest":7,"Bag of Preparation":9,"Red Mask":21,"Burning Blood":0},{"Anchor":6,"Snecko Eye":8,"Tiny Chest":5,"Bag of Preparation":5,"Red Mask":12,"Burning Blood":0},{"Anchor":24,"Snecko Eye":33,"Tiny Chest":22,"Bag of Preparation":22,"Red Mask":46,"Burning Blood":0}],"Burning Blood":77},"card_choices":[{"not_picked":["Rage","Clash"],"picked":"Flex","floor":1},{"not_picked":["Iron Wave","Sword Boomerang"],"picked":"Cleave","floor":3},{"not_picked":["Ghostly Armor","Spot Weakness"],"picked":"Evolve","floor":4},{"not_picked":["Flex","True Grit"],"picked":"Offering","floor":5},{"not_picked":["Second Wind","Clash"],"picked":"Carnage","floor":7},{"not_picked":["Flame Barrier","Pommel Strike"],"picked":"Feel No Pain","floor":10},{"not_picked":["Power Through","Pommel Strike"],"picked":"Headbutt","floor":14},{"not_picked":["Reaper","Limit Break"],"picked":"Feed","floor":16},{"not_picked":["Thunderclap","Havoc"],"picked":"Shrug It Off","floor":18},{"not_picked":["Wild Strike","Clothesline"],"picked":"True Grit+1","floor":19},{"not_picked":["Pommel Strike+1","True Grit"],"picked":"Sever Soul+1","floor":20},{"not_picked":["Warcry","Rampage"],"picked":"Feel No Pain+1","floor":21},{"not_picked":["Rage","Iron Wave","Anger"],"picked":"SKIP","floor":22},{"not_picked":["Rage","Iron Wave","Anger"],"picked":"SKIP","floor":22}],"player_experience":6867529,"relics_obtained":[{"floor":7,"key":"Tiny Chest"},{"floor":9,"key":"Bag of Preparation"},{"floor":10,"key":"Anchor"},{"floor":21,"key":"Red Mask"}],"event_choices":[{"damage_healed":0,"gold_gain":0,"player_choice":"Grow","damage_taken":0,"max_hp_gain":0,"max_hp_loss":0,"event_name":"Living Wall","floor":2,"gold_loss":0,"cards_upgraded":["Flex"]},{"damage_healed":0,"gold_gain":0,"player_choice":"Donut","damage_taken":0,"max_hp_gain":5,"max_hp_loss":0,"event_name":"Big Fish","floor":12,"gold_loss":0},{"damage_healed":0,"gold_gain":0,"player_choice":"Fought Bandits","damage_taken":0,"max_hp_gain":0,"max_hp_loss":0,"event_name":"Masked Bandits","floor":21,"gold_loss":0}],"is_beta":false,"boss_relics":[{"not_picked":["Runic Dome","Black Star"],"picked":"Snecko Eye"}],"items_purged_floors":[],"is_endless":false,"potions_floor_spawned":[4,5,16,19,21],"killed_by":"Slavers","ascension_level":20,"potion_discard_per_floor":[[],[],[],[],[],[],[],[],[],[],[],[],[],[],[],[],[],[],[],[],[],[],[]]}