{"gold_per_floor":[116,88,88,238,238,276,38,72,124,140,140,40,59,99,99,194,194,213,213,213,227,243,243,39,74,111,156,168,209,234,20,20,99,99,114,114,131,131,131,164,164,180,180,212,212,228,255,269,269,269,269,269,269,80,114,114],"floor_reached":56,"playtime":4149,"items_purged":["Doubt","Strike_R","Strike_R"],"score":2443,"play_id":"a3da8086-c7ba-4a89-929b-ee853e0b640d","local_time":"20220505180154","is_ascension_mode":true,"campfire_choices":[{"data":"Bludgeon","floor":11,"key":"SMITH"},{"data":"Shockwave","floor":15,"key":"SMITH"},{"data":"Immolate","floor":23,"key":"SMITH"},{"data":"Dark Embrace","floor":32,"key":"SMITH"},{"floor":45,"key":"RECALL"},{"data":"Body Slam","floor":49,"key":"SMITH"},{"data":"Barricade","floor":53,"key":"SMITH"}],"neow_cost":"NONE","seed_source_timestamp":2610260581776200,"shop_contents":[{"floor":2,"relics":["Akabeko","Oddly Smooth Stone","DollysMirror"],"cards":["Carnage","Hemokinesis","Battle Trance","Dark Embrace","Panacea","Chrysalis"],"potions":["DistilledChaos","EssenceOfSteel","PowerPotion"]},{"floor":3,"relics":["Pear","Ancient Tea Set","Medical Kit"],"cards":["Cleave","Reckless Charge","Ghostly Armor","Exhume","Fire Breathing","Swift Strike","Metamorphosis"],"potions":["AttackPotion","DistilledChaos","BlessingOfTheForge"]},{"floor":7,"relics":["Omamori","HandDrill"],"cards":["Sword Boomerang","Uppercut","Havoc","Shrug It Off","Corruption","Jack Of All Trades","Violence"],"potions":["GamblersBrew","Explosive Potion","Swift Potion"]},{"floor":12,"relics":["Tiny Chest","War Paint","PrismaticShard"],"cards":["Heavy Blade","Anger","Dual Wield","Sentinel","Combust","Deep Breath","Apotheosis"],"potions":["Weak Potion","Strength Potion","Strength Potion"]},{"floor":24,"relics":["Shovel","Mummified Hand","Cauldron"],"cards":["Clash","Pommel Strike","Flex","Combust","Purity","The Bomb"],"potions":["Regen Potion","Strength Potion","EntropicBrew"]},{"floor":31,"relics":["Juzu Bracelet","Blood Vial","TheAbacus"],"cards":["Clothesline","Headbutt","Disarm","Madness","HandOfGreed"],"potions":["Explosive Potion","Fire Potion","Strength Potion"]},{"floor":39,"relics":["Meat on the Bone","Toxic Egg 2","ClockworkSouvenir"],"cards":["Bludgeon","Dropkick","Flex","True Grit","Corruption","Jack Of All Trades","Thinking Ahead"],"potions":["SkillPotion","DistilledChaos","EntropicBrew"]},{"floor":54,"relics":["Art of War","Toy Ornithopter","Chemical X"],"cards":["Pummel","Iron Wave","Seeing Red","Havoc","Berserk","Jack Of All Trades"],"potions":["SkillPotion","DuplicationPotion","Energy Potion"]}],"circlet_count":0,"master_deck":["AscendersBane","Strike_R","Strike_R","Strike_R","Defend_R","Defend_R","Defend_R","Defend_R","Bash","Shockwave+1","True Grit","Twin Strike","Bludgeon+1","Anger","Feed","Immolate+1","Spot Weakness","Disarm","Battle Trance","Exhume","Second Wind","Dark Embrace+1","Impervious","Barricade+1","Pummel+1","Body Slam+1","Burning Pact","Impervious","Impervious","Apotheosis","Disarm"],"potion_use_per_floor":[[],[],[],[],[],[],[],[],[],[],[],[],[],[],[],["Weak Potion"],[],[],[],[],[],[],[],[],["LiquidMemories"],[],[],[],["BlessingOfTheForge"],[],[],[],[],[],[],[],[],[],[],[],[],[],[],[],[],[],[],[],[],[],[],[],[],[],["LiquidMemories"],[]],"relics":["Burning Blood","NeowsBlessing","Bloody Idol","HornCleat","PreservedInsect","Boot","Strawberry","FossilizedHelix","Philosopher\u0027s Stone","Enchiridion","MawBank","MealTicket","Pen Nib","Dream Catcher","Sozu","Centennial Puzzle","Darkstone Periapt","Bag of Marbles","Vajra"],"potions_floor_usage":[16,25,29,55],"damage_taken":[{"damage":0,"enemies":"Cultist","floor":1,"turns":1},{"damage":0,"enemies":"3 Sentries","floor":6,"turns":2},{"damage":0,"enemies":"Lagavulin","floor":8,"turns":1},{"damage":3,"enemies":"Small Slimes","floor":10,"turns":3},{"damage":2,"enemies":"2 Louse","floor":13,"turns":3},{"damage":0,"enemies":"3 Sentries","floor":14,"turns":5},{"damage":52,"enemies":"Hexaghost","floor":16,"turns":9},{"damage":2,"enemies":"Chosen","floor":18,"turns":5},{"damage":3,"enemies":"2 Thieves","floor":21,"turns":4},{"damage":2,"enemies":"Centurion and Healer","floor":22,"turns":6},{"damage":0,"enemies":"Gremlin Leader","floor":25,"turns":4},{"damage":10,"enemies":"Book of Stabbing","floor":27,"turns":4},{"damage":0,"enemies":"Slavers","floor":29,"turns":3},{"damage":0,"enemies":"Sentry and Sphere","floor":30,"turns":4},{"damage":19,"enemies":"Collector","floor":33,"turns":8},{"damage":0,"enemies":"Orb Walker","floor":35,"turns":1},{"damage":18,"enemies":"3 Darklings","floor":37,"turns":6},{"damage":0,"enemies":"Reptomancer","floor":40,"turns":2},{"damage":0,"enemies":"Jaw Worm Horde","floor":42,"turns":4},{"damage":0,"enemies":"Nemesis","floor":44,"turns":5},{"damage":20,"enemies":"Transient","floor":46,"turns":6},{"damage":18,"enemies":"Reptomancer","floor":47,"turns":6},{"damage":0,"enemies":"Sphere and 2 Shapes","floor":48,"turns":3},{"damage":59,"enemies":"Awakened One","floor":50,"turns":13},{"damage":61,"enemies":"Donu and Deca","floor":51,"turns":9},{"damage":40,"enemies":"Shield and Spear","floor":55,"turns":8},{"damage":88,"enemies":"The Heart","floor":56,"turns":9}],"seed_played":"-2985890130325767131","neow_bonus_log":{"cardsObtained":[],"cardsUpgraded":[],"cardsRemoved":[],"cardsTransformed":[],"relicsObtained":["NeowsBlessing"],"maxHpGained":0,"goldGained":0,"damageTaken":0,"goldLost":0,"maxHpLost":0},"potions_obtained":[{"floor":1,"key":"Weak Potion"},{"floor":10,"key":"Block Potion"},{"floor":16,"key":"BlessingOfTheForge"},{"floor":21,"key":"LiquidMemories"},{"floor":27,"key":"LiquidMemories"}],"is_trial":false,"path_per_floor":["M","$","$","?","?","E","$","E","T","M","R","$","M","E","R","B",null,"M","?","?","M","M","R","$","E","T","E","?","E","M","$","R","B",null,"M","?","M","?","$","E","?","M","T","E","R","M","E","M","R","B","B",null,"R","$","E","B"],"character_chosen":"IRONCLAD","items_purchased":["True Grit","PreservedInsect","Battle Trance","Dark Embrace","Impervious","Apotheosis"],"campfire_rested":0,"item_purchase_floors":[2,7,24,31,31,54],"current_hp_per_floor":[74,74,74,74,48,54,54,60,67,70,70,70,74,80,80,34,70,74,74,53,59,66,66,66,75,75,71,71,90,97,97,97,89,95,100,95,91,91,103,103,103,109,109,109,109,100,96,113,113,63,11,96,96,111,86,0],"gold":114,"neow_bonus":"THREE_ENEMY_KILL","is_prod":false,"is_daily":false,"rewards_skipped":[{"floor":22,"relics":[],"potions":["ElixirPotion"]},{"floor":37,"relics":[],"potions":["SteroidPotion"]},{"floor":42,"relics":[],"potions":["ElixirPotion"]},{"floor":44,"relics":[],"potions":["Energy Potion"]},{"floor":47,"relics":["Whetstone"],"potions":["SneckoOil"]}],"chose_seed":false,"campfire_upgraded":6,"win_rate":0,"floor_exit_playtime":[25,63,70,75,100,120,150,178,194,228,264,289,364,439,450,596,737,820,861,884,956,1052,1060,1114,1290,1299,1382,1413,1719,1833,1968,2000,2192,2287,2327,2340,2471,2489,2529,2595,2657,2739,2746,2855,2860,2958,3097,3147,3166,3414,3617,3630,3657,3691,3916],"timestamp":1651788114,"blue_key_relic_skipped_log":{"floor":43,"relicID":"Anchor"},"path_taken":["M","?","$","?","?","E","$","E","T","M","R","$","M","E","R","BOSS","M","?","?","M","M","R","$","E","T","E","?","E","M","?","R","BOSS","M","?","?","?","?","E","?","M","T","E","R","?","E","M","R","BOSS","BOSS","R","$","E","BOSS"],"build_version":"2022-03-07","purchased_purges":3,"victory":false,"max_hp_per_floor":[75,75,75,75,75,75,75,75,82,82,82,82,82,82,82,82,82,82,82,82,85,88,88,88,91,91,91,91,94,97,97,97,97,97,100,100,103,103,103,103,103,109,109,109,109,109,112,118,118,121,124,124,124,124,128,128],"relic_stats":{"Darkstone Periapt":0,"counters":[27,134],"PreservedInsect":414,"Pen Nib":[12],"Boot":[76],"MawBank":72,"Burning Blood":128,"Sozu":4,"Dream Catcher":0,"Centennial Puzzle":[18],"Bloody Idol":44,"MealTicket":27,"obtain_stats":[{"Darkstone Periapt":40,"NeowsBlessing":0,"Golden Idol":5,"Enchiridion":20,"Vajra":55,"PreservedInsect":7,"Pen Nib":27,"Boot":8,"MawBank":25,"Burning Blood":0,"Sozu":34,"Dream Catcher":29,"Centennial Puzzle":38,"HornCleat":6,"Strawberry":9,"Bloody Idol":28,"Philosopher\u0027s Stone":17,"MealTicket":26,"Bag of Marbles":44,"FossilizedHelix":14},{"Darkstone Periapt":18,"NeowsBlessing":0,"Golden Idol":1,"Enchiridion":8,"Vajra":26,"PreservedInsect":2,"Pen Nib":12,"Boot":3,"MawBank":11,"Burning Blood":0,"Sozu":15,"Dream Catcher":13,"Centennial Puzzle":17,"HornCleat":2,"Strawberry":3,"Bloody Idol":12,"Philosopher\u0027s Stone":7,"MealTicket":11,"Bag of Marbles":20,"FossilizedHelix":6},{"Darkstone Periapt":71,"NeowsBlessing":0,"Golden Idol":1,"Enchiridion":29,"Vajra":125,"PreservedInsect":3,"Pen Nib":47,"Boot":4,"MawBank":43,"Burning Blood":0,"Sozu":62,"Dream Catcher":50,"Centennial Puzzle":69,"HornCleat":3,"Strawberry":4,"Bloody Idol":47,"Philosopher\u0027s Stone":24,"MealTicket":43,"Bag of Marbles":80,"FossilizedHelix":15}],"FossilizedHelix":[182]},"card_choices":[{"not_picked":["Perfected Strike","Flame Barrier"],"picked":"Shockwave","floor":1},{"not_picked":["Clash","Iron Wave"],"picked":"Twin Strike","floor":6},{"not_picked":["Searing Blow","Ghostly Armor"],"picked":"Bludgeon","floor":8},{"not_picked":["Searing Blow","Carnage","Heavy Blade"],"picked":"SKIP","floor":10},{"not_picked":["Headbutt","Whirlwind"],"picked":"Anger","floor":13},{"not_picked":["Headbutt","Intimidate"],"picked":"Feed","floor":14},{"not_picked":["Barricade","Brutality"],"picked":"Immolate","floor":16},{"not_picked":["Twin Strike","True Grit"],"picked":"Spot Weakness","floor":18},{"not_picked":["Headbutt","Dark Embrace","True Grit","Wild Strike","Sever Soul","Reckless Charge","Pommel Strike","Rage","Pummel","Clash","Dual Wield","Iron Wave","Cleave","Heavy Blade","Sword Boomerang","Perfected Strike","Armaments","Spot Weakness","Body Slam"],"picked":"Disarm","floor":19},{"not_picked":["Metallicize","Combust","Warcry"],"picked":"SKIP","floor":21},{"not_picked":["Cleave","Sword Boomerang","Pommel Strike"],"picked":"SKIP","floor":22},{"not_picked":["Thunderclap","Reckless Charge","Intimidate"],"picked":"SKIP","floor":25},{"not_picked":["Perfected Strike+1","Thunderclap"],"picked":"Exhume","floor":27},{"not_picked":["Searing Blow","Perfected Strike"],"picked":"Second Wind","floor":30},{"not_picked":["Impervious","Demon Form"],"picked":"Barricade","floor":33},{"not_picked":["Sword Boomerang","Twin Strike"],"picked":"Pummel+1","floor":35},{"not_picked":["Sword Boomerang","Warcry"],"picked":"Body Slam","floor":37},{"not_picked":["Havoc","Headbutt"],"picked":"Burning Pact","floor":40},{"not_picked":["Havoc","Demon Form","Seeing Red"],"picked":"SKIP","floor":42},{"not_picked":["Cleave","Clothesline+1"],"picked":"Impervious","floor":44},{"not_picked":["Havoc","Reckless Charge","True Grit"],"picked":"SKIP","floor":46},{"not_picked":["Reckless Charge","Iron Wave"],"picked":"Disarm","floor":55}],"player_experience":6869436,"relics_obtained":[{"floor":6,"key":"HornCleat"},{"floor":8,"key":"Boot"},{"floor":9,"key":"Strawberry"},{"floor":14,"key":"FossilizedHelix"},{"floor":20,"key":"Enchiridion"},{"floor":25,"key":"MawBank"},{"floor":26,"key":"MealTicket"},{"floor":27,"key":"Pen Nib"},{"floor":29,"key":"Dream Catcher"},{"floor":38,"key":"Centennial Puzzle"},{"floor":40,"key":"Darkstone Periapt"},{"floor":44,"key":"Bag of Marbles"},{"floor":55,"key":"Vajra"}],"event_choices":[{"damage_healed":0,"gold_gain":150,"player_choice":"AGREE","damage_taken":0,"max_hp_gain":0,"max_hp_loss":0,"event_name":"Liars Game","floor":4,"gold_loss":0,"cards_obtained":["Doubt"]},{"damage_healed":0,"gold_gain":0,"player_choice":"Take Damage","damage_taken":26,"relics_obtained":["Golden Idol"],"max_hp_gain":0,"max_hp_loss":0,"event_name":"Golden Idol","floor":5,"gold_loss":0},{"damage_healed":0,"gold_gain":0,"player_choice":"Read","damage_taken":0,"max_hp_gain":0,"max_hp_loss":0,"event_name":"The Library","floor":19,"gold_loss":0,"cards_obtained":["Disarm"]},{"damage_healed":0,"gold_gain":0,"player_choice":"Obtained Book","damage_taken":21,"max_hp_gain":0,"max_hp_loss":0,"event_name":"Cursed Tome","floor":20,"gold_loss":0},{"damage_healed":0,"gold_gain":0,"player_choice":"Gave Idol","damage_taken":0,"relics_obtained":["Bloody Idol"],"max_hp_gain":0,"max_hp_loss":0,"event_name":"Forgotten Altar","floor":28,"relics_lost":["Golden Idol"],"gold_loss":0},{"damage_healed":0,"gold_gain":0,"player_choice":"Bought 0 Potions","damage_taken":0,"max_hp_gain":0,"max_hp_loss":0,"event_name":"The Woman in Blue","floor":36,"gold_loss":0},{"damage_healed":0,"gold_gain":0,"player_choice":"Relic","damage_taken":0,"max_hp_gain":0,"max_hp_loss":0,"event_name":"Wheel of Change","floor":38,"gold_loss":0},{"damage_healed":0,"gold_gain":0,"player_choice":"Copied","damage_taken":0,"max_hp_gain":0,"max_hp_loss":0,"event_name":"Duplicator","floor":41,"gold_loss":0,"cards_obtained":["Impervious"]}],"is_beta":false,"boss_relics":[{"not_picked":["Runic Dome","SacredBark"],"picked":"Philosopher\u0027s Stone"},{"not_picked":["Tiny House","Pandora\u0027s Box"],"picked":"Sozu"}],"items_purged_floors":[7,12,24],"is_endless":false,"potions_floor_spawned":[1,10,16,21,22,27,37,42,44,47],"killed_by":"The Heart","ascension_level":20,"potion_discard_per_floor":[[],[],[],[],[],[],[],[],[],[],[],[],[],[],[],[],[],[],[],[],["Block Potion"],[],[],[],[],[],[],[],[],[],[],[],[],[],[],[],[],[],[],[],[],[],[],[],[],[],[],[],[],[],[],[],[],[],[],[]]}