{"gold_per_floor":[214,227,4,20,20,20,51,69,69,69,119,146,165,179,179,254,254,268,183,183,133,149,149,184,184],"floor_reached":25,"playtime":2500,"items_purged":[],"score":462,"play_id":"311a20c4-bebb-4196-8d82-c7944221f6b5","local_time":"20220505161925","is_ascension_mode":true,"campfire_choices":[{"data":"Thunderclap","floor":6,"key":"SMITH"},{"data":"True Grit","floor":10,"key":"SMITH"},{"data":"Feel No Pain","floor":15,"key":"SMITH"},{"data":"Pommel Strike","floor":23,"key":"SMITH"}],"neow_cost":"NONE","seed_source_timestamp":2605763008074100,"shop_contents":[{"floor":3,"relics":["Ginger","StoneCalendar"],"cards":["Heavy Blade","Body Slam","Entrench","Metallicize","Good Instincts","The Bomb"],"potions":["ColorlessPotion","Weak Potion","FearPotion"]}],"circlet_count":0,"master_deck":["AscendersBane","Strike_R","Strike_R","Defend_R","Defend_R","Defend_R","Defend_R","Bash","Feel No Pain+1","Whirlwind+1","True Grit+1","Thunderclap+1","Pommel Strike+1","Shrug It Off","Battle Trance","Power Through","Offering","Sever Soul+1","Limit Break+1","Bludgeon+1","Burning Pact"],"potion_use_per_floor":[[],[],[],["DuplicationPotion"],[],[],[],[],[],[],[],[],[],["Explosive Potion"],[],["Weak Potion"],[],[],[],[],[],[],[],["FearPotion"],[]],"relics":["Burning Blood","Medical Kit","Ornamental Fan","Sundial","Pear","Astrolabe","Singing Bowl","Question Card"],"potions_floor_usage":[4,14,16,24],"damage_taken":[{"damage":8,"enemies":"2 Louse","floor":1,"turns":4},{"damage":1,"enemies":"Cultist","floor":2,"turns":3},{"damage":9,"enemies":"Jaw Worm","floor":4,"turns":6},{"damage":15,"enemies":"3 Sentries","floor":7,"turns":5},{"damage":7,"enemies":"2 Fungi Beasts","floor":8,"turns":2},{"damage":27,"enemies":"Gremlin Nob","floor":12,"turns":4},{"damage":1,"enemies":"Blue Slaver","floor":13,"turns":5},{"damage":1,"enemies":"Red Slaver","floor":14,"turns":3},{"damage":33,"enemies":"Slime Boss","floor":16,"turns":12},{"damage":21,"enemies":"Spheric Guardian","floor":18,"turns":4},{"damage":6,"enemies":"2 Thieves","floor":22,"turns":3},{"damage":49,"enemies":"Book of Stabbing","floor":24,"turns":5},{"damage":17,"enemies":"Snake Plant","floor":25,"turns":2}],"seed_played":"2614799957991445662","neow_bonus_log":{"cardsObtained":[],"cardsUpgraded":[],"cardsRemoved":[],"cardsTransformed":[],"relicsObtained":[],"maxHpGained":0,"goldGained":100,"damageTaken":0,"goldLost":0,"maxHpLost":0},"potions_obtained":[{"floor":1,"key":"DuplicationPotion"},{"floor":4,"key":"Explosive Potion"},{"floor":13,"key":"Weak Potion"},{"floor":14,"key":"EssenceOfSteel"},{"floor":16,"key":"Ancient Potion"},{"floor":18,"key":"FearPotion"},{"floor":22,"key":"Explosive Potion"}],"is_trial":false,"path_per_floor":["M","M","$","M","?","R","E","M","T","R","?","E","M","M","R","B",null,"M","?","?","?","M","R","E","M"],"character_chosen":"IRONCLAD","items_purchased":["Medical Kit","True Grit"],"campfire_rested":0,"item_purchase_floors":[3,3],"current_hp_per_floor":[66,71,71,68,68,68,59,58,58,58,58,47,52,57,57,30,71,56,56,56,56,58,58,17,0],"gold":184,"neow_bonus":"HUNDRED_GOLD","is_prod":false,"is_daily":false,"rewards_skipped":[],"chose_seed":false,"campfire_upgraded":4,"win_rate":0,"floor_exit_playtime":[305,398,542,662,745,756,875,912,1032,1054,1062,1198,1279,1350,1398,1741,1947,2030,2046,2087,2116,2196,2205,2432],"timestamp":1651781965,"path_taken":["M","M","$","M","?","R","E","M","T","R","?","E","?","M","R","BOSS","M","?","?","?","?","R","E","M"],"build_version":"2022-03-07","purchased_purges":0,"victory":false,"max_hp_per_floor":[75,75,75,75,75,75,75,75,75,75,75,85,85,85,85,85,85,85,85,85,85,87,87,89,89],"relic_stats":{"Singing Bowl":4,"counters":[13,58],"Ornamental Fan":[28],"Sundial":[6],"Astrolabe":["Sever Soul","Limit Break","Bludgeon"],"Medical Kit":[9],"Question Card":0,"obtain_stats":[{"Pear":12,"Singing Bowl":19,"Ornamental Fan":7,"Sundial":9,"Astrolabe":17,"Medical Kit":3,"Question Card":24,"Burning Blood":0},{"Pear":6,"Singing Bowl":10,"Ornamental Fan":4,"Sundial":5,"Astrolabe":9,"Medical Kit":2,"Question Card":12,"Burning Blood":0},{"Pear":24,"Singing Bowl":48,"Ornamental Fan":18,"Sundial":20,"Astrolabe":44,"Medical Kit":7,"Question Card":56,"Burning Blood":0}],"Burning Blood":72},"card_choices":[{"not_picked":["Thunderclap","Sentinel"],"picked":"Feel No Pain","floor":1},{"not_picked":["Body Slam","Power Through"],"picked":"Whirlwind","floor":2},{"not_picked":["Dual Wield","Cleave"],"picked":"Thunderclap","floor":4},{"not_picked":["Clothesline","Whirlwind"],"picked":"Pommel Strike","floor":7},{"not_picked":["Warcry","True Grit"],"picked":"Shrug It Off","floor":8},{"not_picked":["Bludgeon","Seeing Red"],"picked":"Battle Trance","floor":12},{"not_picked":["Rage","Dual Wield","Ghostly Armor"],"picked":"SKIP","floor":13},{"not_picked":["Perfected Strike","Pommel Strike"],"picked":"Power Through","floor":14},{"not_picked":["Double Tap","Berserk"],"picked":"Offering","floor":16},{"not_picked":["Dual Wield","Iron Wave","Anger"],"picked":"SKIP","floor":18},{"not_picked":["Sentinel","Rampage","Ghostly Armor","Uppercut","Infernal Blade","Wild Strike","Armaments","Rage","Fire Breathing","Heavy Blade","Clothesline","Clash","Dual Wield","Iron Wave","Headbutt","Sword Boomerang","Twin Strike","Intimidate","Thunderclap"],"picked":"Burning Pact","floor":20},{"not_picked":["Armaments+1","Iron Wave","Rupture"],"picked":"Singing Bowl","floor":22},{"not_picked":["Uppercut","Inflame","Metallicize"],"picked":"Singing Bowl","floor":24}],"player_experience":6865029,"relics_obtained":[{"floor":7,"key":"Ornamental Fan"},{"floor":9,"key":"Sundial"},{"floor":12,"key":"Pear"},{"floor":24,"key":"Question Card"}],"event_choices":[{"damage_healed":0,"gold_gain":0,"player_choice":"Grow","damage_taken":0,"max_hp_gain":0,"max_hp_loss":0,"event_name":"Living Wall","floor":5,"gold_loss":0,"cards_upgraded":["Whirlwind"]},{"damage_healed":0,"gold_gain":50,"player_choice":"Pray","damage_taken":0,"max_hp_gain":0,"max_hp_loss":0,"event_name":"Golden Shrine","floor":11,"gold_loss":0},{"damage_healed":0,"gold_gain":0,"player_choice":"Obtained Relic","damage_taken":0,"relics_obtained":["Singing Bowl"],"max_hp_gain":0,"max_hp_loss":0,"event_name":"Addict","floor":19,"gold_loss":85},{"damage_healed":0,"gold_gain":0,"player_choice":"Read","damage_taken":0,"max_hp_gain":0,"max_hp_loss":0,"event_name":"The Library","floor":20,"gold_loss":0,"cards_obtained":["Burning Pact"]},{"damage_healed":0,"gold_gain":0,"player_choice":"Bet on Murderer","damage_taken":0,"max_hp_gain":0,"max_hp_loss":0,"event_name":"The Joust","floor":21,"gold_loss":50}],"is_beta":false,"boss_relics":[{"not_picked":["Tiny House","Fusion Hammer"],"picked":"Astrolabe"}],"items_purged_floors":[],"is_endless":false,"potions_floor_spawned":[1,4,13,14,16,18,22],"killed_by":"Snake Plant","ascension_level":20,"potion_discard_per_floor":[[],[],[],[],[],[],[],[],[],[],[],[],[],[],[],[],[],["Ancient Potion"],[],[],[],["EssenceOfSteel"],[],[],[]]}