{"gold_per_floor":[112,112,212,233,37,37,57,90,90,128,108],"floor_reached":11,"playtime":1007,"items_purged":[],"score":162,"play_id":"8a36d361-b285-442a-b60f-e7ac22e0598d","local_time":"20220504183058","is_ascension_mode":true,"campfire_choices":[{"data":"HandOfGreed","floor":6.0,"key":"SMITH"}],"neow_cost":"TEN_PERCENT_HP_LOSS","seed_source_timestamp":1096484540027400,"shop_contents":[{"floor":5,"relics":["Sundial","Potion Belt","DollysMirror"],"cards":["Heavy Blade","Dropkick","Bloodletting","True Grit","Metallicize","Impatience"],"potions":["Dexterity Potion","Strength Potion","SmokeBomb"]}],"circlet_count":0,"master_deck":["AscendersBane","Strike_R","Strike_R","Strike_R","Strike_R","Strike_R","Defend_R","Defend_R","Defend_R","Defend_R","Bash","Inflame","Evolve","HandOfGreed+1","Shrug It Off","Reaper","Immolate"],"special_seed":0,"potion_use_per_floor":[[],[],[],[],[],[],[],["Strength Potion"],[],["Fire Potion"],[]],"relics":["Burning Blood","Turnip","Golden Idol","Bird Faced Urn","Blue Candle","Nunchaku"],"potions_floor_usage":[10],"damage_taken":[{"damage":10.0,"enemies":"Small Slimes","floor":1.0,"turns":4.0},{"damage":14.0,"enemies":"Jaw Worm","floor":4.0,"turns":4.0},{"damage":7.0,"enemies":"Cultist","floor":7.0,"turns":4.0},{"damage":17.0,"enemies":"Lagavulin","floor":8.0,"turns":7.0},{"damage":31,"enemies":"Gremlin Nob","floor":10,"turns":4},{"damage":11,"enemies":"Looter","floor":11,"turns":1}],"seed_played":"2776213890347467656","neow_bonus_log":{"cardsObtained":[],"cardsUpgraded":[],"cardsRemoved":[],"cardsTransformed":[],"relicsObtained":["Turnip"],"maxHpGained":0,"goldGained":0,"damageTaken":0,"goldLost":0,"maxHpLost":7},"potions_obtained":[{"floor":1.0,"key":"Fire Potion"},{"floor":4.0,"key":"ColorlessPotion"},{"floor":7.0,"key":"Strength Potion"}],"is_trial":false,"path_per_floor":["M","?","?","M","$","R","M","E","T","E","M"],"character_chosen":"IRONCLAD","items_purchased":["HandOfGreed"],"campfire_rested":0,"item_purchase_floors":[5],"current_hp_per_floor":[64,41,41,33,33,33,32,21,21,7,0],"gold":108,"neow_bonus":"ONE_RARE_RELIC","is_prod":false,"is_daily":false,"rewards_skipped":[],"chose_seed":false,"campfire_upgraded":1,"win_rate":0,"floor_exit_playtime":[525,548,562,614,754,761,825,908,917,993],"timestamp":1651703458,"path_taken":["M","?","?","M","?","R","M","E","T","E","?"],"build_version":"2022-03-07","purchased_purges":0,"victory":false,"max_hp_per_floor":[68,68,68,68,68,68,68,68,68,68,68],"relic_stats":{"Nunchaku":[0],"counters":[6,24],"Golden Idol":23,"Bird Faced Urn":[6],"Blue Candle":[0],"Turnip":[1],"obtain_stats":[{"Nunchaku":10,"Golden Idol":2,"Bird Faced Urn":8,"Blue Candle":9,"Turnip":0,"Burning Blood":0},{"Nunchaku":5,"Golden Idol":1,"Bird Faced Urn":4,"Blue Candle":4,"Turnip":0,"Burning Blood":0},{"Nunchaku":23,"Golden Idol":4,"Bird Faced Urn":19,"Blue Candle":19,"Turnip":0,"Burning Blood":0}],"Burning Blood":30},"card_choices":[{"not_picked":["Sword Boomerang","Disarm"],"picked":"Inflame","floor":1.0},{"not_picked":["Havoc","Ghostly Armor"],"picked":"Evolve","floor":4.0},{"not_picked":["Flex","Wild Strike"],"picked":"Shrug It Off","floor":7.0},{"not_picked":["True Grit","Shrug It Off"],"picked":"Reaper","floor":8.0},{"not_picked":["Cleave","Shrug It Off"],"picked":"Immolate","floor":10}],"player_experience":12821396,"relics_obtained":[{"floor":8.0,"key":"Bird Faced Urn"},{"floor":9.0,"key":"Blue Candle"},{"floor":10,"key":"Nunchaku"}],"event_choices":[{"damage_healed":0.0,"max_hp_gain":0.0,"max_hp_loss":0.0,"gold_gain":0.0,"event_name":"Golden Idol","player_choice":"Take Damage","floor":2.0,"gold_loss":0.0,"damage_taken":23.0,"relics_obtained":["Golden Idol"]},{"damage_healed":0.0,"max_hp_gain":0.0,"max_hp_loss":0.0,"gold_gain":100.0,"event_name":"Wheel of Change","player_choice":"Gold","floor":3.0,"gold_loss":0.0,"damage_taken":0.0}],"is_beta":false,"boss_relics":[],"items_purged_floors":[],"is_endless":false,"potions_floor_spawned":[1,4,7],"killed_by":"Looter","ascension_level":20,"potion_discard_per_floor":[[],[],[],[],[],[],["ColorlessPotion"],[],[],[],[]]}