{"gold_per_floor":[109,123,48,59,59,91,141,141,141,175,201,226,267,295,295,378,378,405,139,163,174,100,134,134,176,176,196,39,39,48,83,83,171,171,184,203,212,222,222,222,259,279,304,340,340,340,367,388,388,388,388,388,388,32,69,69],"floor_reached":57,"playtime":3481,"items_purged":["Defend_R","Strike_R","Strike_R"],"score":2915,"play_id":"bb6d1a5c-fafa-4589-93d4-de1d892124c8","local_time":"20220505190537","is_ascension_mode":true,"campfire_choices":[{"data":"Inflame","floor":8,"key":"SMITH"},{"data":"Carnage","floor":15,"key":"SMITH"},{"data":"Offering","floor":24,"key":"SMITH"},{"data":"Spot Weakness","floor":29,"key":"SMITH"},{"data":"Flex","floor":32,"key":"SMITH"},{"data":"Shockwave","floor":40,"key":"SMITH"},{"floor":46,"key":"RECALL"},{"data":"Inflame","floor":49,"key":"SMITH"},{"data":"Offering","floor":53,"key":"SMITH"}],"neow_cost":"TEN_PERCENT_HP_LOSS","seed_source_timestamp":2614731172252700,"shop_contents":[{"floor":3,"relics":["Tiny Chest","Bottled Flame","Frozen Eye"],"cards":["Whirlwind","Clash","Flex","Warcry","Fire Breathing","Trip","Thinking Ahead"],"potions":["DuplicationPotion","ElixirPotion","Regen Potion"]},{"floor":19,"relics":["War Paint","Regal Pillow","PrismaticShard"],"cards":["Body Slam","Searing Blow","Warcry","Evolve","Swift Strike","Transmutation"],"potions":["Regen Potion","LiquidBronze","CultistPotion"]},{"floor":22,"relics":["Darkstone Periapt","Lizard Tail","Cauldron"],"cards":["Twin Strike","Body Slam","Flex","Evolve","Forethought","Master of Strategy"],"potions":["SpeedPotion","SmokeBomb","Regen Potion"]},{"floor":28,"relics":["Orichalcum","Gambling Chip","Medical Kit"],"cards":["Pommel Strike+1","Iron Wave+1","Power Through","Metallicize","Blind","Magnetism"],"potions":["Block Potion","AttackPotion","Block Potion"]},{"floor":54,"relics":["Thread and Needle","Toolbox"],"cards":["Twin Strike+1","Fiend Fire+1","Ghostly Armor","Shrug It Off","Combust","Dramatic Entrance+1","Secret Technique"],"potions":["Explosive Potion","AttackPotion"]}],"circlet_count":0,"master_deck":["AscendersBane","Defend_R","Defend_R","Inflame+1","Anger","Thunderclap","Thunderclap","Battle Trance","Spot Weakness+1","Carnage+1","Sword Boomerang","Reaper","Whirlwind","Offering+1","Sword Boomerang+1","Limit Break","Feel No Pain+1","Limit Break","Shockwave+1","Flex+1","Fiend Fire+1","Dual Wield+1","Headbutt+1","Offering+1","Shrug It Off","Inflame+1","Dropkick+1","Pommel Strike+1"],"potion_use_per_floor":[[],[],[],[],[],["Fire Potion"],[],[],[],["DistilledChaos"],[],[],["SkillPotion"],[],[],[],[],[],[],[],[],[],[],[],["ColorlessPotion"],[],[],[],[],[],[],[],["Fruit Juice"],[],[],[],[],[],[],[],["PowerPotion"],[],[],[],[],[],[],[],[],[],[],[],[],[],["LiquidMemories"],["Ancient Potion","Regen Potion"],[]],"relics":["Burning Blood","CeramicFish","Kunai","Torii","Akabeko","Coffee Dripper","Centennial Puzzle","Molten Egg 2","InkBottle","StrikeDummy","Empty Cage","Potion Belt","Pen Nib","Paper Frog","Self Forming Clay","Bottled Tornado"],"potions_floor_usage":[6,10,13,25,33,41,55,56,56],"damage_taken":[{"damage":10,"enemies":"Small Slimes","floor":1,"turns":5},{"damage":2,"enemies":"Cultist","floor":2,"turns":4},{"damage":2,"enemies":"2 Louse","floor":4,"turns":3},{"damage":25,"enemies":"3 Sentries","floor":6,"turns":7},{"damage":32,"enemies":"Gremlin Nob","floor":10,"turns":4},{"damage":7,"enemies":"2 Fungi Beasts","floor":11,"turns":3},{"damage":7,"enemies":"Lots of Slimes","floor":12,"turns":3},{"damage":0,"enemies":"Lagavulin","floor":13,"turns":4},{"damage":11,"enemies":"Looter","floor":14,"turns":2},{"damage":23,"enemies":"Slime Boss","floor":16,"turns":6},{"damage":1,"enemies":"Spheric Guardian","floor":18,"turns":3},{"damage":0,"enemies":"3 Byrds","floor":20,"turns":2},{"damage":15,"enemies":"Centurion and Healer","floor":21,"turns":5},{"damage":51,"enemies":"Gremlin Leader","floor":23,"turns":5},{"damage":28,"enemies":"Book of Stabbing","floor":25,"turns":3},{"damage":6,"enemies":"Shelled Parasite and Fungi","floor":27,"turns":2},{"damage":20,"enemies":"Slavers","floor":31,"turns":2},{"damage":8,"enemies":"Automaton","floor":33,"turns":4},{"damage":47,"enemies":"3 Shapes","floor":35,"turns":2},{"damage":11,"enemies":"Orb Walker","floor":36,"turns":2},{"damage":6,"enemies":"4 Shapes","floor":38,"turns":1},{"damage":12,"enemies":"Reptomancer","floor":41,"turns":2},{"damage":25,"enemies":"Maw","floor":42,"turns":3},{"damage":3,"enemies":"Nemesis","floor":44,"turns":3},{"damage":12,"enemies":"Reptomancer","floor":47,"turns":2},{"damage":6,"enemies":"Spire Growth","floor":48,"turns":2},{"damage":13,"enemies":"Time Eater","floor":50,"turns":4},{"damage":58,"enemies":"Donu and Deca","floor":51,"turns":4},{"damage":54,"enemies":"Shield and Spear","floor":55,"turns":3},{"damage":69,"enemies":"The Heart","floor":56,"turns":7}],"seed_played":"5004879791511232013","neow_bonus_log":{"cardsObtained":[],"cardsUpgraded":[],"cardsRemoved":["Strike_R","Strike_R"],"cardsTransformed":[],"relicsObtained":[],"maxHpGained":0,"goldGained":0,"damageTaken":0,"goldLost":0,"maxHpLost":7},"potions_obtained":[{"floor":2,"key":"Fire Potion"},{"floor":6,"key":"DistilledChaos"},{"floor":12,"key":"SkillPotion"},{"floor":21,"key":"Fruit Juice"},{"floor":23,"key":"ColorlessPotion"},{"floor":31,"key":"PowerPotion"},{"floor":33,"key":"Ancient Potion"},{"floor":36,"key":"PowerPotion"},{"floor":44,"key":"Regen Potion"}],"is_trial":false,"path_per_floor":["M","M","$","M","?","E","?","R","T","E","M","M","E","M","R","B",null,"M","$","M","M","$","E","R","E","T","M","$","R","?","E","R","B",null,"M","M","?","M","?","R","E","M","T","E","?","R","E","M","R","B","B",null,"R","$","E","B",null],"character_chosen":"IRONCLAD","items_purchased":["Offering","Limit Break","Shockwave","Self Forming Clay","LiquidMemories"],"campfire_rested":0,"item_purchase_floors":[19,22,28,54,54],"current_hp_per_floor":[64,68,68,68,73,54,54,54,54,28,27,26,32,27,27,10,57,66,66,72,73,73,71,71,68,68,68,68,68,68,65,65,68,76,78,73,73,78,74,74,68,74,74,74,74,74,68,68,68,74,52,69,69,69,74,74],"gold":69,"neow_bonus":"REMOVE_TWO","is_prod":false,"is_daily":false,"rewards_skipped":[{"floor":38,"relics":[],"potions":["Block Potion"]}],"chose_seed":false,"campfire_upgraded":8,"win_rate":0,"floor_exit_playtime":[120,162,197,253,258,356,365,372,383,443,494,552,636,661,670,801,900,1054,1144,1189,1271,1294,1453,1470,1571,1580,1680,1728,1749,1818,1871,1877,2026,2136,2221,2261,2286,2387,2443,2452,2533,2593,2600,2663,2670,2677,2738,2792,2800,2888,2984,2998,3014,3086,3267,3481],"timestamp":1651791937,"blue_key_relic_skipped_log":{"floor":43,"relicID":"Happy Flower"},"path_taken":["M","M","$","M","?","E","?","R","T","E","M","M","E","M","R","BOSS","M","$","M","M","$","E","R","E","T","M","?","R","?","E","R","BOSS","M","M","?","?","?","R","E","M","T","E","?","R","E","?","R","BOSS","BOSS","R","$","E","BOSS"],"build_version":"2022-03-07","purchased_purges":3,"victory":true,"max_hp_per_floor":[68,68,68,68,73,73,73,73,73,73,73,73,73,73,73,73,73,73,73,73,73,73,73,73,73,73,73,73,73,73,73,73,78,78,78,78,78,78,74,74,74,74,74,74,74,74,74,74,74,74,74,74,74,74,74,74],"relic_stats":{"Centennial Puzzle":[48],"Torii":65,"counters":[30,102],"Self Forming Clay":[105],"CeramicFish":198,"Pen Nib":[4],"Kunai":[29],"Bottled Tornado":"Feel No Pain","obtain_stats":[{"Potion Belt":41,"Torii":10,"Self Forming Clay":54,"CeramicFish":6,"Pen Nib":44,"Bottled Tornado":55,"Empty Cage":34,"Burning Blood":0,"Akabeko":13,"Centennial Puzzle":23,"Molten Egg 2":25,"Coffee Dripper":17,"Kunai":9,"StrikeDummy":31,"InkBottle":26,"Paper Frog":47},{"Potion Belt":22,"Torii":5,"Self Forming Clay":28,"CeramicFish":4,"Pen Nib":24,"Bottled Tornado":29,"Empty Cage":18,"Burning Blood":0,"Akabeko":8,"Centennial Puzzle":14,"Molten Egg 2":15,"Coffee Dripper":10,"Kunai":4,"StrikeDummy":17,"InkBottle":15,"Paper Frog":25},{"Potion Belt":74,"Torii":23,"Self Forming Clay":92,"CeramicFish":19,"Pen Nib":80,"Bottled Tornado":95,"Empty Cage":67,"Burning Blood":0,"Akabeko":33,"Centennial Puzzle":56,"Molten Egg 2":59,"Coffee Dripper":41,"Kunai":19,"StrikeDummy":63,"InkBottle":59,"Paper Frog":82}],"Burning Blood":138,"InkBottle":[14]},"card_choices":[{"not_picked":["Shrug It Off","Body Slam"],"picked":"Inflame","floor":1},{"not_picked":["Wild Strike","Warcry"],"picked":"Anger","floor":2},{"not_picked":["Anger","Uppercut"],"picked":"Thunderclap","floor":4},{"not_picked":["Iron Wave","Warcry","Clash"],"picked":"SKIP","floor":6},{"not_picked":["Iron Wave","Warcry","Clash"],"picked":"SKIP","floor":6},{"not_picked":["Perfected Strike","Wild Strike"],"picked":"Thunderclap","floor":10},{"not_picked":["Double Tap","Rupture"],"picked":"Battle Trance","floor":11},{"not_picked":["Entrench","Sever Soul"],"picked":"Spot Weakness","floor":12},{"not_picked":["True Grit","Clash"],"picked":"Carnage","floor":13},{"not_picked":["Heavy Blade","Cleave"],"picked":"Sword Boomerang","floor":14},{"not_picked":["Barricade","Feed"],"picked":"Reaper","floor":16},{"not_picked":["Shrug It Off","Body Slam"],"picked":"Whirlwind","floor":18},{"not_picked":["Thunderclap","Blood for Blood"],"picked":"Sword Boomerang+1","floor":20},{"not_picked":["Armaments","Clash+1","Intimidate"],"picked":"SKIP","floor":21},{"not_picked":["Intimidate","Bludgeon"],"picked":"Feel No Pain","floor":23},{"not_picked":["Warcry","Flex"],"picked":"Limit Break","floor":25},{"not_picked":["Twin Strike+1","Hemokinesis+1","Armaments"],"picked":"SKIP","floor":27},{"not_picked":["Blood for Blood+1","Sword Boomerang+1","Sentinel","Rampage+1","Fire Breathing","Clash+1","Ghostly Armor","Combust","Seeing Red","Body Slam+1","Whirlwind+1","Iron Wave+1","Uppercut+1","Havoc","Armaments","True Grit","Spot Weakness","Shrug It Off","Anger+1"],"picked":"Flex","floor":30},{"not_picked":["Double Tap","Brutality"],"picked":"Fiend Fire+1","floor":33},{"not_picked":["Rupture+1","Perfected Strike+1","Whirlwind+1"],"picked":"SKIP","floor":35},{"not_picked":["Cleave+1","Body Slam+1"],"picked":"Dual Wield+1","floor":36},{"not_picked":["Perfected Strike+1","Sword Boomerang+1","Iron Wave+1"],"picked":"SKIP","floor":38},{"not_picked":["Whirlwind+1","Searing Blow+1"],"picked":"Offering","floor":41},{"not_picked":["Twin Strike+1","Clash+1"],"picked":"Shrug It Off","floor":42},{"not_picked":["Body Slam+1","Evolve"],"picked":"Inflame","floor":44},{"not_picked":["Barricade","Iron Wave+1","Sentinel"],"picked":"SKIP","floor":47},{"not_picked":["Reckless Charge+1","Shockwave"],"picked":"Dropkick+1","floor":48},{"not_picked":["Flex","Shrug It Off"],"picked":"Pommel Strike+1","floor":55}],"player_experience":6873585,"relics_obtained":[{"floor":6,"key":"CeramicFish"},{"floor":9,"key":"Kunai"},{"floor":10,"key":"Torii"},{"floor":13,"key":"Akabeko"},{"floor":23,"key":"Centennial Puzzle"},{"floor":25,"key":"Molten Egg 2"},{"floor":26,"key":"InkBottle"},{"floor":31,"key":"StrikeDummy"},{"floor":41,"key":"Potion Belt"},{"floor":44,"key":"Pen Nib"},{"floor":47,"key":"Paper Frog"},{"floor":55,"key":"Bottled Tornado"}],"event_choices":[{"damage_healed":0,"gold_gain":0,"player_choice":"Donut","damage_taken":0,"max_hp_gain":5,"max_hp_loss":0,"event_name":"Big Fish","floor":5,"gold_loss":0},{"damage_healed":0,"gold_gain":50,"player_choice":"Pray","damage_taken":0,"max_hp_gain":0,"max_hp_loss":0,"event_name":"Golden Shrine","floor":7,"gold_loss":0},{"damage_healed":0,"gold_gain":0,"player_choice":"Read","damage_taken":0,"max_hp_gain":0,"max_hp_loss":0,"event_name":"The Library","floor":30,"gold_loss":0,"cards_obtained":["Flex"]},{"damage_healed":0,"gold_gain":0,"cards_transformed":["Defend_R"],"player_choice":"Transformed","damage_taken":0,"max_hp_gain":0,"max_hp_loss":0,"event_name":"Transmorgrifier","floor":37,"gold_loss":0,"cards_obtained":["Headbutt"]},{"damage_healed":0,"gold_gain":0,"player_choice":"Max HP","damage_taken":0,"max_hp_gain":0,"max_hp_loss":4,"event_name":"Winding Halls","floor":39,"gold_loss":0},{"damage_healed":0,"gold_gain":0,"player_choice":"Upgraded","damage_taken":0,"max_hp_gain":0,"max_hp_loss":0,"event_name":"Upgrade Shrine","floor":45,"gold_loss":0,"cards_upgraded":["Feel No Pain"]}],"is_beta":false,"boss_relics":[{"not_picked":["Cursed Key","Runic Cube"],"picked":"Coffee Dripper"},{"not_picked":["Black Star","Fusion Hammer"],"picked":"Empty Cage"}],"items_purged_floors":[3,19,28],"is_endless":false,"potions_floor_spawned":[2,6,12,21,23,31,33,36,38,44],"ascension_level":20,"potion_discard_per_floor":[[],[],[],[],[],[],[],[],[],[],[],[],[],[],[],[],[],[],[],[],[],[],[],[],[],[],[],[],[],[],[],[],[],[],[],["PowerPotion"],[],[],[],[],[],[],[],[],[],[],[],[],[],[],[],[],[],[],[],[],[]]}