{"gold_per_floor":[110,124,134,134,148,148,180,197,223,253,271,271,297,317,317,395,395,365,280,330,330,349,349],"floor_reached":23,"playtime":1222,"items_purged":[],"score":426,"play_id":"edda5e27-0a1f-454f-8791-eded609977b1","local_time":"20220518152146","is_ascension_mode":true,"campfire_choices":[{"data":"Flex","floor":6,"key":"SMITH"},{"data":"Armaments","floor":12,"key":"SMITH"},{"data":"Battle Trance","floor":15,"key":"SMITH"}],"neow_cost":"NONE","seed_source_timestamp":370346275172700,"shop_contents":[],"circlet_count":0,"master_deck":["AscendersBane","Strike_R","Strike_R","Strike_R","Strike_R","Defend_R","Defend_R","Defend_R+1","Defend_R+1","Bash","Twin Strike","Sever Soul","Flex+1","Armaments+1","Battle Trance+1","Hemokinesis","Headbutt","Dark Embrace","Corruption","Brutality","Headbutt+1","Power Through"],"potion_use_per_floor":[[],[],[],[],[],[],["ColorlessPotion"],[],[],["EssenceOfSteel"],[],[],[],[],[],["PowerPotion"],[],[],[],[],[],[],["ColorlessPotion","BloodPotion"]],"relics":["Burning Blood","Blood Vial","Omamori","Art of War","Ancient Tea Set","SlaversCollar","Frozen Egg 2","War Paint"],"potions_floor_usage":[7,10,16,23,23],"damage_taken":[{"damage":2,"enemies":"2 Louse","floor":1,"turns":3},{"damage":7,"enemies":"Small Slimes","floor":2,"turns":3},{"damage":6,"enemies":"Cultist","floor":3,"turns":3},{"damage":15,"enemies":"Large Slime","floor":5,"turns":5},{"damage":11,"enemies":"Gremlin Nob","floor":7,"turns":3},{"damage":1,"enemies":"2 Fungi Beasts","floor":8,"turns":3},{"damage":18,"enemies":"Lagavulin","floor":10,"turns":6},{"damage":6,"enemies":"Looter","floor":11,"turns":2},{"damage":14,"enemies":"Gremlin Nob","floor":13,"turns":3},{"damage":31,"enemies":"Exordium Wildlife","floor":14,"turns":4},{"damage":26,"enemies":"Hexaghost","floor":16,"turns":9},{"damage":31,"enemies":"2 Thieves","floor":18,"turns":4},{"damage":24,"enemies":"Spheric Guardian","floor":22,"turns":5},{"damage":44,"enemies":"Gremlin Leader","floor":23,"turns":4}],"seed_played":"-3537798735123726850","neow_bonus_log":{"cardsObtained":[],"cardsUpgraded":[],"cardsRemoved":[],"cardsTransformed":[],"relicsObtained":["Blood Vial"],"maxHpGained":0,"goldGained":0,"damageTaken":0,"goldLost":0,"maxHpLost":0},"potions_obtained":[{"floor":2,"key":"ColorlessPotion"},{"floor":5,"key":"BloodPotion"},{"floor":8,"key":"EssenceOfSteel"},{"floor":11,"key":"PowerPotion"},{"floor":22,"key":"ColorlessPotion"}],"is_trial":false,"path_per_floor":["M","M","M","?","M","R","E","M","T","E","M","R","E","M","R","B",null,"M","?","?","?","M","E"],"character_chosen":"IRONCLAD","items_purchased":[],"campfire_rested":0,"item_purchase_floors":[],"current_hp_per_floor":[74,74,75,75,66,66,63,70,70,60,62,62,56,33,33,15,60,37,37,37,37,21,0],"gold":349,"neow_bonus":"RANDOM_COMMON_RELIC","is_prod":false,"is_daily":false,"rewards_skipped":[{"floor":14,"relics":[],"potions":["Dexterity Potion"]}],"chose_seed":false,"campfire_upgraded":3,"win_rate":0,"floor_exit_playtime":[59,85,109,121,169,178,256,297,300,405,447,456,534,617,629,812,917,1020,1029,1032,1042,1116],"timestamp":1652901706,"blue_key_relic_skipped_log":{"floor":9,"relicID":"Juzu Bracelet"},"path_taken":["M","M","M","?","M","R","E","M","T","E","M","R","E","M","R","BOSS","M","?","?","?","M","E"],"build_version":"2022-03-07","purchased_purges":0,"victory":false,"max_hp_per_floor":[75,75,75,75,75,75,75,75,75,75,75,75,75,75,75,75,75,75,75,75,75,75,75],"relic_stats":{"Blood Vial":24,"counters":[14,57],"Omamori":1,"Art of War":[3],"War Paint":["Defend_R","Defend_R"],"Ancient Tea Set":[2],"obtain_stats":[{"Blood Vial":0,"SlaversCollar":17,"Omamori":7,"Art of War":10,"Frozen Egg 2":19,"War Paint":21,"Ancient Tea Set":13,"Burning Blood":0},{"Blood Vial":0,"SlaversCollar":11,"Omamori":5,"Art of War":7,"Frozen Egg 2":12,"War Paint":12,"Ancient Tea Set":9,"Burning Blood":0},{"Blood Vial":0,"SlaversCollar":44,"Omamori":17,"Art of War":26,"Frozen Egg 2":48,"War Paint":48,"Ancient Tea Set":31,"Burning Blood":0}],"Burning Blood":78},"card_choices":[{"not_picked":["Sentinel","Clash"],"picked":"Twin Strike","floor":1},{"not_picked":["Ghostly Armor","Bloodletting"],"picked":"Sever Soul","floor":2},{"not_picked":["Body Slam","Dropkick"],"picked":"Flex","floor":3},{"not_picked":["Double Tap","Clothesline"],"picked":"Battle Trance","floor":5},{"not_picked":["Body Slam","Reckless Charge"],"picked":"Hemokinesis","floor":7},{"not_picked":["Warcry","Infernal Blade","Battle Trance"],"picked":"SKIP","floor":8},{"not_picked":["Iron Wave","Carnage"],"picked":"Headbutt","floor":10},{"not_picked":["Rampage","Reckless Charge"],"picked":"Dark Embrace","floor":11},{"not_picked":["Rampage","Warcry","Clothesline"],"picked":"SKIP","floor":13},{"not_picked":["True Grit","Wild Strike"],"picked":"Corruption","floor":14},{"not_picked":["Double Tap","Barricade"],"picked":"Brutality","floor":16},{"not_picked":["Dark Embrace","Pummel"],"picked":"Headbutt+1","floor":18},{"not_picked":["Clothesline","Havoc"],"picked":"Power Through","floor":22}],"player_experience":6977993,"relics_obtained":[{"floor":7,"key":"Omamori"},{"floor":10,"key":"Art of War"},{"floor":13,"key":"Ancient Tea Set"}],"event_choices":[{"damage_healed":0,"gold_gain":0,"cards_transformed":["Strike_R"],"player_choice":"Change","damage_taken":0,"max_hp_gain":0,"max_hp_loss":0,"event_name":"Living Wall","floor":4,"gold_loss":0,"cards_obtained":["Armaments"]},{"damage_healed":0,"gold_gain":0,"player_choice":"Obtained Relic","damage_taken":0,"relics_obtained":["Frozen Egg 2"],"max_hp_gain":0,"max_hp_loss":0,"event_name":"Addict","floor":19,"gold_loss":85},{"damage_healed":0,"gold_gain":50,"player_choice":"Stole From Cult","damage_taken":0,"max_hp_gain":0,"max_hp_loss":0,"event_name":"Nest","floor":20,"gold_loss":0},{"damage_healed":0,"gold_gain":0,"player_choice":"Opened","damage_taken":0,"relics_obtained":["War Paint"],"max_hp_gain":0,"max_hp_loss":0,"event_name":"The Mausoleum","floor":21,"gold_loss":0,"cards_obtained":["Writhe"]}],"is_beta":false,"boss_relics":[{"not_picked":["Busted Crown","Tiny House"],"picked":"SlaversCollar"}],"items_purged_floors":[],"is_endless":false,"potions_floor_spawned":[2,5,8,11,14,22],"killed_by":"Gremlin Leader","ascension_level":20,"potion_discard_per_floor":[[],[],[],[],[],[],[],[],[],[],[],[],[],[],[],[],[],[],[],[],[],[],[]]}