{"gold_per_floor":[367,379,390,223,233,260,310,339,339,225,259,259,290,304,304,383,383,397,397,414,70,90,119,119,132,157,176,226,258,258,133,133,208,208,221,71,83,83,97,126,145,170,244,269,284,317,317,330,330,330,330,330,330,33,65,65],"floor_reached":57,"playtime":5665,"items_purged":["Writhe","Strike_R","Strike_R","Strike_R","Strike_R"],"score":2999,"play_id":"c8d23175-f597-4d40-aeea-b1dc82af0a29","local_time":"20220511015603","is_ascension_mode":true,"campfire_choices":[{"data":"Inflame","floor":12,"key":"SMITH"},{"data":"Uppercut","floor":15,"key":"SMITH"},{"data":"Pommel Strike","floor":24,"key":"SMITH"},{"data":"Shrug It Off","floor":30,"key":"SMITH"},{"data":"Battle Trance","floor":32,"key":"SMITH"},{"floor":47,"key":"RECALL"},{"data":"Burning Pact","floor":49,"key":"SMITH"},{"data":"Second Wind","floor":53,"key":"SMITH"}],"neow_cost":"CURSE","seed_source_timestamp":1637095603668400,"shop_contents":[{"floor":4,"relics":["Dream Catcher","Shovel","DollysMirror"],"cards":["Clash","Dropkick","True Grit","Spot Weakness","Bandage Up","Secret Technique"],"potions":["LiquidBronze","Block Potion"]},{"floor":21,"relics":["Red Skull","WingedGreaves"],"cards":["Sever Soul","Anger","Havoc","Brutality+1","Flash of Steel","Metamorphosis"],"potions":["BlessingOfTheForge","Swift Potion","DuplicationPotion"]},{"floor":31,"relics":["Lantern","Blue Candle","Cauldron"],"cards":["Sword Boomerang","Heavy Blade","Power Through","Shrug It Off","Evolve+1","Swift Strike","Master of Strategy"],"potions":["BlessingOfTheForge","SpeedPotion","SkillPotion"]},{"floor":36,"relics":["Ornamental Fan","Toy Ornithopter","Membership Card"],"cards":["Whirlwind","Thunderclap","Armaments","True Grit","Fire Breathing+1","Madness","Panache+1"],"potions":["DistilledChaos","Regen Potion","FearPotion"]},{"floor":54,"relics":["War Paint","Charon\u0027s Ashes","ClockworkSouvenir"],"cards":["Dropkick","Clothesline","Shockwave","Armaments","Good Instincts","Master of Strategy"],"potions":["DistilledChaos","FairyPotion"]}],"circlet_count":0,"master_deck":["AscendersBane","Strike_R","Defend_R","Defend_R","Defend_R","Defend_R","Bash","Pommel Strike+1","Flame Barrier","Cleave","Inflame+1","Inflame","Battle Trance+1","Seeing Red","Uppercut+1","Carnage","Fiend Fire","Shrug It Off+1","Second Wind+1","Dark Embrace+1","Feel No Pain+1","Fiend Fire","Impervious","Burning Pact+1","Dark Embrace+1"],"potion_use_per_floor":[[],[],[],[],[],["Fire Potion"],[],["ColorlessPotion"],[],[],[],[],["Ancient Potion"],[],[],["FearPotion"],[],[],[],[],[],["Energy Potion"],["SteroidPotion"],[],[],[],[],[],[],[],[],[],[],[],[],[],[],[],[],["Fruit Juice"],[],[],[],[],[],[],[],[],[],[],[],[],[],[],[],[],[]],"relics":["Burning Blood","Art of War","Sundial","Prayer Wheel","Orichalcum","Strawberry","Frozen Egg 2","Runic Pyramid","Lee\u0027s Waffle","CaptainsWheel","Magic Flower","SlaversCollar","Blood Vial","Pantograph","Shuriken","Calipers","CeramicFish","Mummified Hand"],"potions_floor_usage":[6,8,13,16,22,23,40],"damage_taken":[{"damage":4,"enemies":"Small Slimes","floor":1,"turns":4},{"damage":3,"enemies":"2 Louse","floor":2,"turns":3},{"damage":1,"enemies":"Cultist","floor":3,"turns":4},{"damage":24,"enemies":"Exordium Thugs","floor":5,"turns":5},{"damage":8,"enemies":"Gremlin Nob","floor":6,"turns":3},{"damage":20,"enemies":"3 Sentries","floor":8,"turns":6},{"damage":17,"enemies":"Lagavulin","floor":11,"turns":7},{"damage":12,"enemies":"Gremlin Nob","floor":13,"turns":4},{"damage":13,"enemies":"Large Slime","floor":14,"turns":5},{"damage":6,"enemies":"Slime Boss","floor":16,"turns":11},{"damage":0,"enemies":"Chosen","floor":18,"turns":3},{"damage":21,"enemies":"2 Thieves","floor":20,"turns":3},{"damage":15,"enemies":"3 Cultists","floor":22,"turns":5},{"damage":32,"enemies":"Slavers","floor":23,"turns":9},{"damage":15,"enemies":"Shelled Parasite and Fungi","floor":25,"turns":4},{"damage":2,"enemies":"Sentry and Sphere","floor":27,"turns":5},{"damage":17,"enemies":"Gremlin Leader","floor":29,"turns":5},{"damage":0,"enemies":"Collector","floor":33,"turns":5},{"damage":0,"enemies":"3 Shapes","floor":35,"turns":3},{"damage":0,"enemies":"3 Darklings","floor":37,"turns":5},{"damage":9,"enemies":"Writhing Mass","floor":39,"turns":5},{"damage":28,"enemies":"Reptomancer","floor":40,"turns":6},{"damage":10,"enemies":"Transient","floor":41,"turns":3},{"damage":1,"enemies":"Giant Head","floor":42,"turns":5},{"damage":4,"enemies":"Mind Bloom Boss Battle","floor":44,"turns":4},{"damage":0,"enemies":"Maw","floor":45,"turns":4},{"damage":0,"enemies":"Nemesis","floor":46,"turns":3},{"damage":0,"enemies":"Writhing Mass","floor":48,"turns":7},{"damage":12,"enemies":"Donu and Deca","floor":50,"turns":4},{"damage":23,"enemies":"Awakened One","floor":51,"turns":4},{"damage":3,"enemies":"Shield and Spear","floor":55,"turns":3},{"damage":8,"enemies":"The Heart","floor":56,"turns":6}],"seed_played":"7305341600260800858","neow_bonus_log":{"cardsObtained":["Writhe"],"cardsUpgraded":[],"cardsRemoved":[],"cardsTransformed":[],"relicsObtained":[],"maxHpGained":0,"goldGained":250,"damageTaken":0,"goldLost":0,"maxHpLost":0},"potions_obtained":[{"floor":2,"key":"ElixirPotion"},{"floor":3,"key":"ColorlessPotion"},{"floor":8,"key":"Ancient Potion"},{"floor":11,"key":"LiquidBronze"},{"floor":14,"key":"FearPotion"},{"floor":16,"key":"SteroidPotion"},{"floor":20,"key":"Energy Potion"},{"floor":23,"key":"Dexterity Potion"},{"floor":37,"key":"Fruit Juice"},{"floor":40,"key":"Energy Potion"},{"floor":41,"key":"Block Potion"}],"is_trial":false,"path_per_floor":["M","M","M","$","M","E","?","E","T","?","E","R","E","M","R","B",null,"M","?","M","$","M","E","R","M","T","M","?","E","R","$","R","B",null,"M","$","M","?","M","E","M","E","T","?","M","E","R","M","R","B","B",null,"R","$","E","B",null],"character_chosen":"IRONCLAD","items_purchased":["Inflame","Fire Potion","Lee\u0027s Waffle","Second Wind","Dark Embrace+1","Swift Potion"],"campfire_rested":0,"item_purchase_floors":[4,4,21,21,54,54],"current_hp_per_floor":[70,73,75,75,57,55,55,41,41,41,37,37,31,24,24,24,68,74,50,35,94,85,59,59,50,50,54,54,43,43,43,43,52,84,93,93,94,89,89,75,77,88,88,94,94,94,94,94,94,91,80,91,91,91,94,94],"gold":65,"neow_bonus":"TWO_FIFTY_GOLD","is_prod":false,"is_daily":false,"rewards_skipped":[{"floor":46,"relics":[],"potions":["Energy Potion"]},{"floor":48,"relics":[],"potions":["Weak Potion"]}],"chose_seed":false,"campfire_upgraded":7,"win_rate":0,"floor_exit_playtime":[358,386,420,581,659,728,747,983,989,1002,1164,1171,1275,1515,1523,1764,1998,2030,2035,2110,2291,2461,2745,2767,2941,2944,3056,3060,3197,3210,3230,3241,3469,3510,3615,3638,3786,3792,4008,4250,4366,4543,4547,4668,4816,4947,4952,5174,5187,5274,5355,5368,5388,5415,5528,5665],"timestamp":1652248563,"blue_key_relic_skipped_log":{"floor":26,"relicID":"Vajra"},"path_taken":["M","M","M","$","M","E","?","E","T","?","E","R","E","M","R","BOSS","M","?","M","$","M","E","R","?","T","M","?","E","R","$","R","BOSS","M","$","M","?","M","E","M","E","T","?","M","E","R","?","R","BOSS","BOSS","R","$","E","BOSS"],"build_version":"2022-03-07","purchased_purges":5,"victory":true,"max_hp_per_floor":[75,75,75,75,75,75,75,75,75,75,82,82,82,82,82,82,82,82,87,87,94,94,94,94,94,94,94,94,94,94,94,94,94,94,94,94,94,89,89,94,94,94,94,94,94,94,94,94,94,94,94,94,94,94,94,94],"relic_stats":{"Lee\u0027s Waffle":59,"Calipers":[688],"counters":[32,153],"CeramicFish":9,"Magic Flower":[29],"Orichalcum":[234],"Burning Blood":187,"Blood Vial":9,"Sundial":[370],"Shuriken":[21],"Mummified Hand":[4],"Pantograph":9,"Prayer Wheel":12,"Art of War":[30],"obtain_stats":[{"Lee\u0027s Waffle":21,"Calipers":44,"CeramicFish":46,"Magic Flower":29,"Orichalcum":10,"Frozen Egg 2":13,"Burning Blood":0,"Blood Vial":40,"SlaversCollar":34,"CaptainsWheel":23,"Sundial":8,"Shuriken":43,"Mummified Hand":55,"Strawberry":11,"Pantograph":42,"Prayer Wheel":9,"Art of War":6,"Runic Pyramid":17},{"Lee\u0027s Waffle":12,"Calipers":25,"CeramicFish":27,"Magic Flower":17,"Orichalcum":6,"Frozen Egg 2":8,"Burning Blood":0,"Blood Vial":22,"SlaversCollar":18,"CaptainsWheel":14,"Sundial":6,"Shuriken":24,"Mummified Hand":31,"Strawberry":7,"Pantograph":24,"Prayer Wheel":6,"Art of War":5,"Runic Pyramid":10},{"Lee\u0027s Waffle":58,"Calipers":122,"CeramicFish":129,"Magic Flower":86,"Orichalcum":25,"Frozen Egg 2":36,"Burning Blood":0,"Blood Vial":110,"SlaversCollar":91,"CaptainsWheel":72,"Sundial":25,"Shuriken":118,"Mummified Hand":147,"Strawberry":32,"Pantograph":118,"Prayer Wheel":25,"Art of War":19,"Runic Pyramid":52}]},"card_choices":[{"not_picked":["Iron Wave","Sever Soul"],"picked":"Pommel Strike","floor":1},{"not_picked":["True Grit","Intimidate"],"picked":"Flame Barrier","floor":2},{"not_picked":["Clothesline","Sever Soul"],"picked":"Cleave","floor":3},{"not_picked":["Blood for Blood","Clash"],"picked":"Inflame","floor":5},{"not_picked":["Warcry","Cleave","Perfected Strike"],"picked":"SKIP","floor":6},{"not_picked":["Heavy Blade","Reaper"],"picked":"Battle Trance","floor":8},{"not_picked":["Searing Blow","Demon Form"],"picked":"Seeing Red","floor":11},{"not_picked":["Shrug It Off","Spot Weakness"],"picked":"Uppercut","floor":13},{"not_picked":["Ghostly Armor","True Grit"],"picked":"Carnage","floor":14},{"not_picked":["Warcry","Disarm","Armaments"],"picked":"SKIP","floor":14},{"not_picked":["Immolate","Offering"],"picked":"Fiend Fire","floor":16},{"not_picked":["Havoc","Cleave"],"picked":"Shrug It Off","floor":18},{"not_picked":["Wild Strike","Cleave","Twin Strike"],"picked":"SKIP","floor":18},{"not_picked":["Iron Wave","Shrug It Off","Anger+1"],"picked":"SKIP","floor":20},{"not_picked":["Wild Strike","Headbutt","Iron Wave"],"picked":"SKIP","floor":20},{"not_picked":["Headbutt","Iron Wave"],"picked":"Dark Embrace+1","floor":22},{"not_picked":["Headbutt","Battle Trance","Double Tap"],"picked":"SKIP","floor":22},{"not_picked":["Headbutt","Battle Trance","Double Tap"],"picked":"SKIP","floor":22},{"not_picked":["Flex","Disarm","Twin Strike"],"picked":"SKIP","floor":23},{"not_picked":["Headbutt","Havoc"],"picked":"Feel No Pain+1","floor":25},{"not_picked":["Armaments+1","Heavy Blade","True Grit"],"picked":"SKIP","floor":25},{"not_picked":["Cleave","Body Slam"],"picked":"Fiend Fire","floor":27},{"not_picked":["Warcry","Clothesline+1","Perfected Strike"],"picked":"SKIP","floor":27},{"not_picked":["Battle Trance","Rage","Infernal Blade"],"picked":"SKIP","floor":29},{"not_picked":["Corruption+1","Bludgeon"],"picked":"Impervious","floor":33},{"not_picked":["Carnage","Perfected Strike","Pommel Strike"],"picked":"SKIP","floor":35},{"not_picked":["Evolve+1","Pommel Strike","Shrug It Off"],"picked":"SKIP","floor":35},{"not_picked":["Iron Wave","Wild Strike+1","Seeing Red"],"picked":"SKIP","floor":37},{"not_picked":["Spot Weakness+1","Havoc","Carnage"],"picked":"SKIP","floor":37},{"not_picked":["Clothesline","Wild Strike+1","Iron Wave"],"picked":"SKIP","floor":39},{"not_picked":["Wild Strike","Combust+1","Inflame+1"],"picked":"SKIP","floor":39},{"not_picked":["Armaments","Havoc"],"picked":"Burning Pact","floor":40},{"not_picked":["Twin Strike+1","Havoc","Flex+1"],"picked":"SKIP","floor":41},{"not_picked":["Sword Boomerang","Immolate","Clothesline"],"picked":"SKIP","floor":41},{"not_picked":["Wild Strike","Shrug It Off","Intimidate"],"picked":"SKIP","floor":42},{"not_picked":["Thunderclap","Disarm+1","Sword Boomerang"],"picked":"SKIP","floor":45},{"not_picked":["Rupture+1","Thunderclap","Clothesline"],"picked":"SKIP","floor":45},{"not_picked":["Body Slam","Battle Trance+1","Feed"],"picked":"SKIP","floor":46},{"not_picked":["Inflame+1","Clothesline","Fire Breathing+1"],"picked":"SKIP","floor":48},{"not_picked":["Combust+1","Power Through","Flex+1"],"picked":"SKIP","floor":48},{"not_picked":["Iron Wave+1","Carnage","Metallicize+1"],"picked":"SKIP","floor":55}],"player_experience":12869817,"relics_obtained":[{"floor":6,"key":"Art of War"},{"floor":8,"key":"Sundial"},{"floor":9,"key":"Prayer Wheel"},{"floor":11,"key":"Strawberry"},{"floor":13,"key":"Frozen Egg 2"},{"floor":23,"key":"CaptainsWheel"},{"floor":29,"key":"Magic Flower"},{"floor":40,"key":"Blood Vial"},{"floor":42,"key":"Pantograph"},{"floor":43,"key":"Shuriken"},{"floor":44,"key":"Calipers"},{"floor":46,"key":"CeramicFish"},{"floor":55,"key":"Mummified Hand"}],"event_choices":[{"damage_healed":0,"gold_gain":50,"player_choice":"Pray","damage_taken":0,"max_hp_gain":0,"max_hp_loss":0,"event_name":"Golden Shrine","floor":7,"gold_loss":0},{"damage_healed":0,"gold_gain":0,"player_choice":"Paid Gold","damage_taken":0,"relics_obtained":["Orichalcum"],"max_hp_gain":0,"max_hp_loss":0,"event_name":"WeMeetAgain","floor":10,"gold_loss":114},{"damage_healed":0,"gold_gain":0,"player_choice":"Shed Blood","damage_taken":29,"max_hp_gain":5,"max_hp_loss":0,"event_name":"Forgotten Altar","floor":19,"gold_loss":0},{"damage_healed":0,"gold_gain":50,"player_choice":"Stole From Cult","damage_taken":0,"max_hp_gain":0,"max_hp_loss":0,"event_name":"Nest","floor":28,"gold_loss":0},{"damage_healed":0,"gold_gain":0,"player_choice":"Max HP","damage_taken":0,"max_hp_gain":0,"max_hp_loss":5,"event_name":"Winding Halls","floor":38,"gold_loss":0},{"damage_healed":0,"gold_gain":0,"player_choice":"Fight","damage_taken":0,"max_hp_gain":0,"max_hp_loss":0,"event_name":"MindBloom","floor":44,"gold_loss":0}],"is_beta":false,"boss_relics":[{"not_picked":["Velvet Choker","Runic Dome"],"picked":"Runic Pyramid"},{"not_picked":["Fusion Hammer","Pandora\u0027s Box"],"picked":"SlaversCollar"}],"items_purged_floors":[4,21,31,36,54],"is_endless":false,"potions_floor_spawned":[2,3,8,11,14,16,20,23,37,40,41,46,48],"ascension_level":20,"potion_discard_per_floor":[[],[],[],["ElixirPotion"],[],[],[],[],[],[],[],[],[],[],[],[],[],[],[],["LiquidBronze"],[],[],[],[],[],[],[],[],[],[],[],[],[],[],[],[],[],[],[],[],["Dexterity Potion"],[],[],[],[],[],[],[],[],[],[],[],[],["Block Potion"],[],[],[]]}