{"gold_per_floor":[111,124,141,141,157,191,191,191,218,233,6,47,47,47,47,47],"floor_reached":16,"playtime":1339,"items_purged":[],"score":220,"play_id":"db375d67-e0fa-41a0-ad78-b7d5eafa1dfa","local_time":"20220515215835","is_ascension_mode":true,"campfire_choices":[{"data":"Bash","floor":8,"key":"SMITH"},{"data":"Flame Barrier","floor":13,"key":"SMITH"},{"data":"Iron Wave","floor":15,"key":"SMITH"}],"neow_cost":"PERCENT_DAMAGE","seed_source_timestamp":30263380271800,"shop_contents":[{"floor":11,"relics":["TungstenRod","TheAbacus"],"cards":["Reckless Charge","Perfected Strike","Shrug It Off","True Grit","Demon Form","Purity","Metamorphosis"],"potions":["EntropicBrew","PowerPotion"]}],"circlet_count":0,"master_deck":["AscendersBane","Strike_R","Strike_R","Strike_R","Strike_R","Strike_R","Defend_R","Defend_R","Defend_R","Defend_R","Bash+1","Headbutt","Iron Wave+1","Iron Wave+1","Flame Barrier+1","Evolve"],"potion_use_per_floor":[[],[],[],[],[],["PowerPotion"],[],[],[],[],[],[],[],[],[],["LiquidBronze","Block Potion"]],"relics":["Burning Blood","Golden Idol","InkBottle","Oddly Smooth Stone","Ornamental Fan"],"potions_floor_usage":[6,16,16],"damage_taken":[{"damage":0,"enemies":"2 Louse","floor":1,"turns":4},{"damage":2,"enemies":"Cultist","floor":2,"turns":4},{"damage":4,"enemies":"Jaw Worm","floor":3,"turns":3},{"damage":13,"enemies":"Exordium Thugs","floor":5,"turns":5},{"damage":27,"enemies":"Lagavulin","floor":6,"turns":8},{"damage":6,"enemies":"Blue Slaver","floor":10,"turns":5},{"damage":26,"enemies":"Gremlin Nob","floor":12,"turns":4},{"damage":30,"enemies":"Hexaghost","floor":16,"turns":9}],"seed_played":"7343417911896889273","neow_bonus_log":{"cardsObtained":[],"cardsUpgraded":[],"cardsRemoved":[],"cardsTransformed":[],"relicsObtained":[],"maxHpGained":14,"goldGained":0,"damageTaken":18,"goldLost":0,"maxHpLost":0},"potions_obtained":[{"floor":3,"key":"PowerPotion"},{"floor":5,"key":"ElixirPotion"},{"floor":6,"key":"LiquidBronze"}],"is_trial":false,"path_per_floor":["M","M","M","?","M","E","?","R","T","M","$","E","R","?","R","B"],"character_chosen":"IRONCLAD","items_purchased":["Block Potion","Oddly Smooth Stone"],"campfire_rested":0,"item_purchase_floors":[11,11],"current_hp_per_floor":[70,74,76,76,69,48,48,48,48,48,48,28,28,28,28,0],"gold":47,"neow_bonus":"TWENTY_PERCENT_HP_BONUS","is_prod":false,"is_daily":false,"rewards_skipped":[{"floor":12,"relics":[],"potions":["Block Potion"]}],"chose_seed":false,"campfire_upgraded":3,"win_rate":0,"floor_exit_playtime":[266,320,441,447,548,668,805,812,822,886,1020,1146,1154,1167,1176],"timestamp":1652666315,"blue_key_relic_skipped_log":{"floor":9,"relicID":"Boot"},"path_taken":["M","?","M","?","M","E","?","R","T","M","$","E","R","?","R","BOSS"],"build_version":"2022-03-07","purchased_purges":0,"victory":false,"max_hp_per_floor":[89,89,89,81,81,81,81,81,81,81,81,81,81,81,81,81],"relic_stats":{"counters":[8,42],"Golden Idol":21,"Ornamental Fan":[16],"obtain_stats":[{"Golden Idol":4,"Ornamental Fan":12,"Oddly Smooth Stone":11,"Burning Blood":0,"InkBottle":6},{"Golden Idol":3,"Ornamental Fan":7,"Oddly Smooth Stone":6,"Burning Blood":0,"InkBottle":5},{"Golden Idol":11,"Ornamental Fan":33,"Oddly Smooth Stone":29,"Burning Blood":0,"InkBottle":24}],"Burning Blood":42,"InkBottle":[4]},"card_choices":[{"not_picked":["Perfected Strike","Entrench"],"picked":"Headbutt","floor":1},{"not_picked":["Twin Strike","Disarm"],"picked":"Iron Wave","floor":2},{"not_picked":["Seeing Red","Blood for Blood"],"picked":"Iron Wave","floor":3},{"not_picked":["True Grit","Infernal Blade"],"picked":"Flame Barrier","floor":5},{"not_picked":["Havoc","Iron Wave","Reckless Charge"],"picked":"SKIP","floor":6},{"not_picked":["Headbutt","Perfected Strike","Cleave"],"picked":"SKIP","floor":10},{"not_picked":["Flame Barrier","Flex"],"picked":"Evolve","floor":12}],"player_experience":12891589,"relics_obtained":[{"floor":6,"key":"InkBottle"},{"floor":12,"key":"Ornamental Fan"}],"event_choices":[{"damage_healed":0,"gold_gain":0,"player_choice":"Lose Max HP","damage_taken":0,"relics_obtained":["Golden Idol"],"max_hp_gain":0,"max_hp_loss":8,"event_name":"Golden Idol","floor":4,"gold_loss":0},{"damage_healed":0,"gold_gain":0,"player_choice":"Searched \u00271\u0027 times","damage_taken":0,"max_hp_gain":0,"max_hp_loss":0,"event_name":"Dead Adventurer","floor":7,"gold_loss":0},{"damage_healed":0,"gold_gain":0,"player_choice":"Searched \u00271\u0027 times","damage_taken":0,"max_hp_gain":0,"max_hp_loss":0,"event_name":"Dead Adventurer","floor":7,"gold_loss":0},{"damage_healed":0,"gold_gain":0,"player_choice":"Searched \u00271\u0027 times","damage_taken":0,"max_hp_gain":0,"max_hp_loss":0,"event_name":"Dead Adventurer","floor":7,"gold_loss":0},{"damage_healed":0,"gold_gain":0,"player_choice":"Searched \u00271\u0027 times","damage_taken":0,"max_hp_gain":0,"max_hp_loss":0,"event_name":"Dead Adventurer","floor":7,"gold_loss":0},{"damage_healed":0,"gold_gain":0,"player_choice":"Upgraded","damage_taken":0,"max_hp_gain":0,"max_hp_loss":0,"event_name":"Upgrade Shrine","floor":14,"gold_loss":0,"cards_upgraded":["Iron Wave"]}],"is_beta":false,"boss_relics":[],"items_purged_floors":[],"is_endless":false,"potions_floor_spawned":[3,5,6,12],"killed_by":"Hexaghost","ascension_level":20,"potion_discard_per_floor":[[],[],[],[],[],[],[],[],[],[],["ElixirPotion"],[],[],[],[],[]]}