{"gold_per_floor":[10,24,40,40,56,56,87,87,133,169,193,229,252,271,271,364,364,379,394,413,80,98,98,117,142,142,142,176,176,199,215,215,305,305,326,34,34,55,76,107,107,143,213,236,249,285,180,195,195,195,195,195,195,1,41,41],"floor_reached":57,"playtime":5598,"items_purged":["Inflame","Inflame","Twin Strike","Regret"],"score":3434,"play_id":"adea2f25-5863-4510-9eb7-9c6a96aaa2c8","local_time":"20220517154947","is_ascension_mode":true,"campfire_choices":[{"data":"Immolate","floor":6,"key":"SMITH"},{"data":"Armaments","floor":8,"key":"SMITH"},{"data":"True Grit","floor":15,"key":"SMITH"},{"floor":23,"key":"REST"},{"data":"Corruption","floor":27,"key":"SMITH"},{"data":"Dark Embrace","floor":32,"key":"SMITH"},{"floor":41,"key":"RECALL"},{"floor":49,"key":"DIG"},{"floor":53,"key":"DIG"}],"neow_cost":"NO_GOLD","seed_source_timestamp":281223529261500,"shop_contents":[{"floor":21,"relics":["Bottled Flame"],"cards":["Body Slam","Searing Blow","Havoc","Deep Breath","Mayhem"],"potions":["SmokeBomb","SteroidPotion","GamblersBrew"]},{"floor":36,"relics":["Ginger","Cauldron"],"cards":["Perfected Strike","Hemokinesis","Deep Breath","Secret Weapon"],"potions":["Explosive Potion","BloodPotion","LiquidMemories"]},{"floor":47,"relics":["StrikeDummy","Lantern","Brimstone"],"cards":["Reaper","Pommel Strike","True Grit","Armaments","Combust+1","Blind","Mayhem+1"],"potions":["ColorlessPotion","ColorlessPotion"]},{"floor":54,"relics":["InkBottle","Strawberry"],"cards":["Thunderclap","Clash","Warcry","Rupture+1","Panacea","Metamorphosis"],"potions":["Fire Potion","Regen Potion","Weak Potion"]}],"circlet_count":0,"master_deck":["AscendersBane","Bash","Body Slam","Armaments+1","Anger","Immolate+1","Pommel Strike","True Grit+1","Shrug It Off","Dark Embrace+1","Body Slam","Corruption+1","Bloodletting","Bloodletting","Dual Wield","Havoc","Feed","Sever Soul","Warcry+1","Shrug It Off","True Grit+1","Feel No Pain","True Grit","Pommel Strike+1","Carnage+1","True Grit+1","Ghostly","Ghostly","Ghostly","Sentinel+1","Shrug It Off","Barricade","Feel No Pain+1","Impervious","Armaments","Power Through+1","Exhume","Dark Embrace+1","Second Wind","Entrench","Impervious"],"potion_use_per_floor":[[],[],[],[],["Dexterity Potion"],[],[],[],[],[],[],["GamblersBrew"],[],["BloodPotion"],[],["SkillPotion","GamblersBrew"],[],["LiquidMemories"],[],[],[],["Energy Potion"],[],["Weak Potion"],[],[],[],["Dexterity Potion"],[],[],[],[],[],[],[],[],[],[],[],[],[],[],[],[],[],[],[],[],[],[],[],[],[],[],["Energy Potion"],["Ancient Potion","SteroidPotion","BloodPotion"],[]],"relics":["Burning Blood","Gambling Chip","Golden Idol","Question Card","Ancient Tea Set","Regal Pillow","Pandora\u0027s Box","Membership Card","Dream Catcher","Gremlin Horn","Potion Belt","Cursed Key","Frozen Egg 2","Shovel","Bottled Lightning","Bottled Tornado","Meat on the Bone","Boot","Letter Opener","Frozen Eye","Toy Ornithopter"],"potions_floor_usage":[5,12,14,16,16,18,22,24,28,55,56,56,56],"damage_taken":[{"damage":12,"enemies":"Small Slimes","floor":1,"turns":4},{"damage":14,"enemies":"Jaw Worm","floor":2,"turns":5},{"damage":0,"enemies":"Cultist","floor":3,"turns":3},{"damage":11,"enemies":"Exordium Thugs","floor":5,"turns":5},{"damage":25,"enemies":"Lagavulin","floor":7,"turns":6},{"damage":8,"enemies":"Gremlin Nob","floor":10,"turns":3},{"damage":0,"enemies":"3 Louse","floor":11,"turns":1},{"damage":15,"enemies":"Lagavulin","floor":12,"turns":4},{"damage":0,"enemies":"2 Fungi Beasts","floor":13,"turns":2},{"damage":11,"enemies":"Lots of Slimes","floor":14,"turns":3},{"damage":18,"enemies":"Slime Boss","floor":16,"turns":8},{"damage":0,"enemies":"3 Byrds","floor":18,"turns":2},{"damage":24,"enemies":"Spheric Guardian","floor":19,"turns":4},{"damage":39,"enemies":"Shelled Parasite and Fungi","floor":20,"turns":4},{"damage":10,"enemies":"Centurion and Healer","floor":22,"turns":4},{"damage":6,"enemies":"Snake Plant","floor":24,"turns":4},{"damage":10,"enemies":"Sentry and Sphere","floor":25,"turns":5},{"damage":16,"enemies":"Slavers","floor":28,"turns":5},{"damage":8,"enemies":"Cultist and Chosen","floor":30,"turns":7},{"damage":3,"enemies":"Snecko","floor":31,"turns":4},{"damage":0,"enemies":"Automaton","floor":33,"turns":3},{"damage":0,"enemies":"3 Darklings","floor":35,"turns":6},{"damage":2,"enemies":"Orb Walker","floor":38,"turns":3},{"damage":0,"enemies":"Jaw Worm Horde","floor":39,"turns":9},{"damage":5,"enemies":"Giant Head","floor":40,"turns":6},{"damage":1,"enemies":"Reptomancer","floor":42,"turns":3},{"damage":1,"enemies":"4 Shapes","floor":44,"turns":8},{"damage":4,"enemies":"3 Darklings","floor":45,"turns":1},{"damage":3,"enemies":"Nemesis","floor":46,"turns":3},{"damage":5,"enemies":"Sphere and 2 Shapes","floor":48,"turns":2},{"damage":1,"enemies":"Donu and Deca","floor":50,"turns":2},{"damage":0,"enemies":"Time Eater","floor":51,"turns":3},{"damage":2,"enemies":"Shield and Spear","floor":55,"turns":1},{"damage":20,"enemies":"The Heart","floor":56,"turns":10}],"seed_played":"-4070962075891568233","neow_bonus_log":{"cardsObtained":[],"cardsUpgraded":[],"cardsRemoved":[],"cardsTransformed":[],"relicsObtained":["Gambling Chip"],"maxHpGained":0,"goldGained":0,"damageTaken":0,"goldLost":99,"maxHpLost":0},"potions_obtained":[{"floor":1,"key":"GamblersBrew"},{"floor":3,"key":"Dexterity Potion"},{"floor":11,"key":"SkillPotion"},{"floor":12,"key":"BloodPotion"},{"floor":14,"key":"GamblersBrew"},{"floor":16,"key":"LiquidMemories"},{"floor":19,"key":"Energy Potion"},{"floor":20,"key":"Dexterity Potion"},{"floor":22,"key":"Weak Potion"},{"floor":28,"key":"SteroidPotion"},{"floor":30,"key":"BloodPotion"},{"floor":40,"key":"AttackPotion"},{"floor":42,"key":"Energy Potion"}],"is_trial":false,"path_per_floor":["M","M","M","?","M","R","E","R","T","E","M","E","M","M","R","B",null,"M","M","M","$","M","R","M","M","T","R","E","?","M","M","R","B",null,"M","$","?","M","M","E","R","E","T","M","M","E","$","M","R","B","B",null,"R","$","E","B",null],"character_chosen":"IRONCLAD","items_purchased":["Membership Card","Feel No Pain","Dream Catcher","True Grit","Frozen Egg 2","Feel No Pain+1","Impervious","Armaments","Ancient Potion","Entrench","Frozen Eye"],"campfire_rested":1,"item_purchase_floors":[21,21,21,21,36,36,36,36,47,54,54],"current_hp_per_floor":[62,54,60,60,55,55,36,36,36,34,40,31,37,45,45,33,59,68,50,21,21,20,58,58,57,57,57,47,40,42,48,48,52,52,56,56,66,70,74,77,77,81,81,93,97,101,101,109,109,117,121,121,121,121,127,131],"gold":41,"neow_bonus":"ONE_RARE_RELIC","is_prod":false,"is_daily":false,"rewards_skipped":[{"floor":46,"relics":[],"potions":["Explosive Potion"]},{"floor":48,"relics":[],"potions":["Regen Potion"]}],"chose_seed":false,"campfire_upgraded":5,"win_rate":0,"floor_exit_playtime":[257,356,464,472,595,603,770,787,814,961,1136,1275,1333,1390,1407,1645,1770,1889,1983,2114,2291,2455,2477,2633,2752,2791,2800,2926,2954,3090,3211,3230,3425,3502,3625,3763,3802,3881,4061,4201,4214,4360,4394,4629,4703,4777,4827,4931,4937,5050,5153,5173,5180,5208,5329,5598],"timestamp":1652816987,"blue_key_relic_skipped_log":{"floor":9,"relicID":"Juzu Bracelet"},"path_taken":["M","M","M","?","M","R","E","R","T","E","M","E","M","M","R","BOSS","M","M","M","$","M","R","M","M","T","R","E","?","M","M","R","BOSS","M","$","?","M","M","E","R","E","T","?","M","E","$","M","R","BOSS","BOSS","R","$","E","BOSS"],"build_version":"2022-03-07","purchased_purges":4,"victory":true,"max_hp_per_floor":[75,75,75,68,68,68,68,68,68,68,68,68,68,68,68,68,68,71,71,75,75,78,78,78,81,81,81,81,40,44,48,48,52,52,56,56,66,70,74,77,77,81,81,93,97,101,101,109,109,117,121,121,121,121,127,131],"relic_stats":{"Regal Pillow":15,"Gremlin Horn":[20,20],"counters":[34,143],"Golden Idol":219,"Letter Opener":[65],"Bottled Tornado":"Dark Embrace","Question Card":27,"Ancient Tea Set":[14],"Cursed Key":1,"Boot":[0],"Burning Blood":149,"Frozen Eye":74.90175,"Dream Catcher":1,"Shovel":2,"Gambling Chip":[101],"Pandora\u0027s Box":["Bloodletting","Inflame","Bloodletting","Juggernaut","Twin Strike","Dual Wield","Havoc","Feed","Sever Soul"],"Membership Card":753,"Bottled Lightning":"Warcry","obtain_stats":[{"Potion Belt":28,"Regal Pillow":12,"Gremlin Horn":26,"Golden Idol":4,"Letter Opener":53,"Frozen Egg 2":36,"Bottled Tornado":43,"Question Card":7,"Ancient Tea Set":10,"Cursed Key":34,"Boot":49,"Burning Blood":0,"Frozen Eye":54,"Dream Catcher":21,"Shovel":40,"Gambling Chip":0,"Pandora\u0027s Box":17,"Membership Card":21,"Bottled Lightning":42,"Toy Ornithopter":55,"Meat on the Bone":46},{"Potion Belt":18,"Regal Pillow":8,"Gremlin Horn":17,"Golden Idol":3,"Letter Opener":32,"Frozen Egg 2":22,"Bottled Tornado":26,"Question Card":5,"Ancient Tea Set":6,"Cursed Key":21,"Boot":30,"Burning Blood":0,"Frozen Eye":32,"Dream Catcher":14,"Shovel":25,"Gambling Chip":0,"Pandora\u0027s Box":11,"Membership Card":14,"Bottled Lightning":26,"Toy Ornithopter":33,"Meat on the Bone":29},{"Potion Belt":72,"Regal Pillow":31,"Gremlin Horn":67,"Golden Idol":12,"Letter Opener":132,"Frozen Egg 2":92,"Bottled Tornado":113,"Question Card":23,"Ancient Tea Set":26,"Cursed Key":86,"Boot":127,"Burning Blood":0,"Frozen Eye":132,"Dream Catcher":54,"Shovel":110,"Gambling Chip":0,"Pandora\u0027s Box":44,"Membership Card":54,"Bottled Lightning":113,"Toy Ornithopter":133,"Meat on the Bone":125}],"Toy Ornithopter":4,"Meat on the Bone":0},"card_choices":[{"not_picked":["Seeing Red","Warcry"],"picked":"Body Slam","floor":1},{"not_picked":["Heavy Blade","Reckless Charge"],"picked":"Armaments","floor":2},{"not_picked":["Heavy Blade","True Grit"],"picked":"Anger","floor":3},{"not_picked":["Flame Barrier","True Grit"],"picked":"Immolate","floor":5},{"not_picked":["Combust","Warcry"],"picked":"Pommel Strike","floor":7},{"not_picked":["Warcry","Iron Wave","Pommel Strike"],"picked":"True Grit","floor":10},{"not_picked":["Fire Breathing","Fiend Fire","True Grit"],"picked":"Shrug It Off","floor":11},{"not_picked":["Uppercut","Body Slam","Twin Strike"],"picked":"Inflame","floor":12},{"not_picked":["Flex","Pommel Strike","Thunderclap"],"picked":"Dark Embrace","floor":13},{"not_picked":["Sever Soul","Anger","Pummel"],"picked":"Body Slam","floor":14},{"not_picked":["Exhume","Barricade","Feed"],"picked":"Corruption","floor":16},{"not_picked":["Anger","Blood for Blood","Thunderclap+1"],"picked":"Warcry+1","floor":18},{"not_picked":["Thunderclap","Metallicize+1","Flex"],"picked":"Shrug It Off","floor":19},{"not_picked":["Heavy Blade","Sentinel","Clothesline"],"picked":"True Grit+1","floor":20},{"not_picked":["Thunderclap","Uppercut","Brutality"],"picked":"Pommel Strike+1","floor":22},{"not_picked":["Thunderclap","Spot Weakness","Hemokinesis","Reaper"],"picked":"SKIP","floor":24},{"not_picked":["Thunderclap","Spot Weakness","Hemokinesis","Reaper"],"picked":"SKIP","floor":24},{"not_picked":["Thunderclap","Spot Weakness","Hemokinesis","Reaper"],"picked":"SKIP","floor":24},{"not_picked":["Spot Weakness","Perfected Strike+1","Pommel Strike"],"picked":"Carnage+1","floor":25},{"not_picked":["Power Through","Iron Wave","Immolate"],"picked":"True Grit+1","floor":28},{"not_picked":["Dual Wield","Armaments","True Grit"],"picked":"Sentinel+1","floor":30},{"not_picked":["Heavy Blade+1","Burning Pact","Headbutt"],"picked":"Shrug It Off","floor":31},{"not_picked":["Berserk","Double Tap","Immolate"],"picked":"Barricade","floor":33},{"not_picked":["Clash+1","Sword Boomerang","Infernal Blade+1","Searing Blow+1"],"picked":"SKIP","floor":35},{"not_picked":["Twin Strike","Dual Wield+1","Body Slam"],"picked":"Power Through+1","floor":38},{"not_picked":["Perfected Strike","Battle Trance","Flex"],"picked":"Exhume","floor":39},{"not_picked":["Thunderclap+1","Uppercut","Warcry","Armaments"],"picked":"SKIP","floor":40},{"not_picked":["Thunderclap+1","Uppercut","Warcry","Armaments"],"picked":"SKIP","floor":40},{"not_picked":["Combust+1","Rupture+1","Rage","Warcry"],"picked":"SKIP","floor":42},{"not_picked":["True Grit+1","Bludgeon","Pommel Strike+1"],"picked":"Dark Embrace+1","floor":44},{"not_picked":["Clothesline","Heavy Blade","Pommel Strike+1","Thunderclap"],"picked":"SKIP","floor":45},{"not_picked":["Havoc+1","Carnage","Evolve+1","Body Slam+1"],"picked":"SKIP","floor":46},{"not_picked":["Body Slam","True Grit","Shrug It Off"],"picked":"Second Wind","floor":48},{"not_picked":["Clothesline+1","Pommel Strike","Infernal Blade"],"picked":"Impervious","floor":55}],"player_experience":6953952,"relics_obtained":[{"floor":7,"key":"Question Card"},{"floor":10,"key":"Ancient Tea Set"},{"floor":12,"key":"Regal Pillow"},{"floor":26,"key":"Gremlin Horn"},{"floor":28,"key":"Potion Belt"},{"floor":40,"key":"Shovel"},{"floor":42,"key":"Bottled Lightning"},{"floor":43,"key":"Bottled Tornado"},{"floor":46,"key":"Meat on the Bone"},{"floor":49,"key":"Boot"},{"floor":53,"key":"Letter Opener"},{"floor":55,"key":"Toy Ornithopter"}],"event_choices":[{"damage_healed":0,"gold_gain":0,"player_choice":"Lose Max HP","damage_taken":0,"relics_obtained":["Golden Idol"],"max_hp_gain":0,"max_hp_loss":7,"event_name":"Golden Idol","floor":4,"gold_loss":0},{"damage_healed":0,"gold_gain":0,"player_choice":"Became a Ghost","damage_taken":0,"max_hp_gain":0,"max_hp_loss":41,"event_name":"Ghosts","floor":29,"gold_loss":0,"cards_obtained":["Ghostly","Ghostly","Ghostly"]},{"cards_removed":["Juggernaut"],"damage_healed":0,"gold_gain":0,"player_choice":"Offered Rare","damage_taken":0,"max_hp_gain":10,"max_hp_loss":0,"event_name":"Bonfire Elementals","floor":37,"gold_loss":0}],"is_beta":false,"boss_relics":[{"not_picked":["Ectoplasm","Empty Cage"],"picked":"Pandora\u0027s Box"},{"not_picked":["Mark of Pain","Black Blood"],"picked":"Cursed Key"}],"items_purged_floors":[21,36,47,54],"is_endless":false,"potions_floor_spawned":[1,3,11,12,14,16,19,20,22,28,30,40,42,46,48],"ascension_level":20,"potion_discard_per_floor":[[],[],[],[],[],[],[],[],[],[],[],[],[],[],[],[],[],[],[],[],[],[],[],[],[],[],[],[],[],[],[],[],[],[],[],[],[],[],[],[],[],[],[],[],[],[],["AttackPotion"],[],[],[],[],[],[],[],[],[],[]]}