{"gold_per_floor":[17,32,32,107,127,127,152,152,152,168,168,198,248,278,278,349,349,366,366,383,128,148,148,176,193,243,274,274,288,110,140,140,212,212,226,226,226,226,244,271,271,302,379,392,411,411,437,447,447,447,447,447,447,32,58,58],"floor_reached":56,"playtime":6196,"items_purged":["Defend_R","Defend_R","Strike_R+1"],"score":2386,"play_id":"bf9ec967-3cf6-48fc-91bf-9da3627d2283","local_time":"20220517140013","falling_options_log":["Intimidate+1","Dark Embrace+1"],"is_ascension_mode":true,"campfire_choices":[{"data":"Thunderclap","floor":6,"key":"SMITH"},{"data":"Headbutt","floor":8,"key":"SMITH"},{"data":"Intimidate","floor":15,"key":"SMITH"},{"data":"Immolate","floor":23,"key":"SMITH"},{"data":"Armaments","floor":28,"key":"SMITH"},{"data":"Dark Embrace","floor":32,"key":"SMITH"},{"data":"Exhume","floor":41,"key":"SMITH"},{"floor":46,"key":"RECALL"},{"data":"Strike_R+1","floor":49,"key":"PURGE"},{"floor":53,"key":"REST"}],"neow_cost":"NO_GOLD","seed_source_timestamp":274071373944700,"shop_contents":[{"floor":21,"relics":["Bronze Scales","Toy Ornithopter","DollysMirror"],"cards":["Sever Soul","Headbutt","Shrug It Off","Metallicize","Trip","HandOfGreed"],"potions":["HeartOfIron","EssenceOfSteel","Explosive Potion"]},{"floor":30,"relics":["MealTicket","PreservedInsect","TheAbacus"],"cards":["Reckless Charge","Heavy Blade","Warcry","Demon Form","Deep Breath","Violence"],"potions":["Fire Potion","Weak Potion","SmokeBomb"]},{"floor":54,"relics":["Bird Faced Urn","HandDrill"],"cards":["Clothesline","Whirlwind","Double Tap","Dark Embrace","Forethought","Transmutation"],"potions":["Swift Potion","BloodPotion"]}],"circlet_count":0,"master_deck":["AscendersBane","Defend_R","Defend_R","Bash","Hemokinesis+1","Headbutt+1","Impervious","Reckless Charge","Dark Embrace+1","Intimidate+1","Immolate+1","Bloodletting","Warcry","Exhume+1","Armaments+1","Shrug It Off","Exhume","Pummel+1","Madness","Madness","Battle Trance","Shockwave","Whirlwind+1","Shrug It Off","Power Through","Offering"],"potion_use_per_floor":[[],[],[],[],[],[],[],[],[],[],[],[],[],["Weak Potion"],[],[],[],[],[],[],[],[],[],[],["Block Potion"],[],[],[],[],[],[],[],["Strength Potion"],[],[],[],[],[],[],["SteroidPotion"],[],[],[],[],["EntropicBrew","BloodPotion","Fruit Juice"],[],[],[],[],[],[],[],[],[],["DistilledChaos"],["DuplicationPotion"]],"relics":["Burning Blood","Dead Branch","Ice Cream","Whetstone","HornCleat","Philosopher\u0027s Stone","Tiny Chest","Akabeko","Bag of Preparation","Red Mask","Black Star","Shuriken","Orichalcum","Turnip","Peace Pipe","Pen Nib","StrikeDummy","Nunchaku","Anchor","Incense Burner","Bottled Lightning"],"potions_floor_usage":[14,25,33,40,45,45,45,55,56],"damage_taken":[{"damage":11,"enemies":"2 Louse","floor":1,"turns":3},{"damage":7,"enemies":"Small Slimes","floor":2,"turns":4},{"damage":3,"enemies":"Cultist","floor":5,"turns":3},{"damage":10,"enemies":"Gremlin Nob","floor":7,"turns":3},{"damage":13,"enemies":"Blue Slaver","floor":10,"turns":4},{"damage":17,"enemies":"3 Sentries","floor":12,"turns":8},{"damage":7,"enemies":"Lagavulin","floor":14,"turns":6},{"damage":15,"enemies":"Slime Boss","floor":16,"turns":7},{"damage":0,"enemies":"Chosen","floor":18,"turns":3},{"damage":2,"enemies":"Spheric Guardian","floor":20,"turns":3},{"damage":1,"enemies":"Snake Plant","floor":22,"turns":4},{"damage":6,"enemies":"Gremlin Leader","floor":24,"turns":5},{"damage":2,"enemies":"Sentry and Sphere","floor":25,"turns":5},{"damage":19,"enemies":"Book of Stabbing","floor":27,"turns":5},{"damage":0,"enemies":"Centurion and Healer","floor":29,"turns":3},{"damage":1,"enemies":"Masked Bandits","floor":31,"turns":2},{"damage":8,"enemies":"Collector","floor":33,"turns":6},{"damage":3,"enemies":"3 Shapes","floor":35,"turns":2},{"damage":0,"enemies":"Orb Walker","floor":39,"turns":3},{"damage":8,"enemies":"Reptomancer","floor":40,"turns":3},{"damage":11,"enemies":"Giant Head","floor":42,"turns":4},{"damage":3,"enemies":"Spire Growth","floor":44,"turns":2},{"damage":14,"enemies":"Writhing Mass","floor":45,"turns":4},{"damage":5,"enemies":"Nemesis","floor":47,"turns":5},{"damage":6,"enemies":"Maw","floor":48,"turns":3},{"damage":70,"enemies":"Time Eater","floor":50,"turns":7},{"damage":6,"enemies":"Donu and Deca","floor":51,"turns":5},{"damage":3,"enemies":"Shield and Spear","floor":55,"turns":5},{"damage":81,"enemies":"The Heart","floor":56,"turns":9}],"seed_played":"-7927619067286749900","neow_bonus_log":{"cardsObtained":[],"cardsUpgraded":[],"cardsRemoved":["Strike_R","Strike_R"],"cardsTransformed":[],"relicsObtained":[],"maxHpGained":0,"goldGained":0,"damageTaken":0,"goldLost":99,"maxHpLost":0},"potions_obtained":[{"floor":1,"key":"Weak Potion"},{"floor":10,"key":"DuplicationPotion"},{"floor":16,"key":"HeartOfIron"},{"floor":18,"key":"Block Potion"},{"floor":27,"key":"BlessingOfTheForge"},{"floor":31,"key":"Strength Potion"},{"floor":33,"key":"Regen Potion"},{"floor":39,"key":"SteroidPotion"},{"floor":40,"key":"SkillPotion"},{"floor":44,"key":"EntropicBrew"},{"floor":45,"key":"Fruit Juice"},{"floor":48,"key":"BlessingOfTheForge"}],"is_trial":false,"path_per_floor":["M","M","?","?","M","R","E","R","T","M","?","E","?","E","R","B",null,"M","?","M","$","M","R","E","M","T","E","R","M","$","?","R","B",null,"M","?","?","T","M","E","R","E","T","M","M","R","E","M","R","B","B",null,"R","$","E","B"],"character_chosen":"IRONCLAD","items_purchased":["Exhume","Exhume","Anchor","Power Through","DistilledChaos"],"campfire_rested":1,"item_purchase_floors":[21,30,54,54,54],"current_hp_per_floor":[63,62,62,51,54,54,50,50,50,43,43,32,32,31,31,22,62,68,68,72,72,75,75,75,75,75,62,62,68,68,73,73,71,74,75,61,61,61,67,65,65,60,60,63,75,75,76,76,76,12,12,63,80,80,80,0],"gold":58,"neow_bonus":"REMOVE_TWO","is_prod":false,"is_daily":false,"rewards_skipped":[{"floor":20,"relics":[],"potions":["FearPotion"]}],"chose_seed":false,"campfire_upgraded":7,"win_rate":0,"floor_exit_playtime":[494,591,624,632,734,764,994,1013,1028,1173,1202,1448,1458,1594,1608,1863,2047,2121,2142,2211,2342,2465,2480,2636,2832,2913,3048,3057,3102,3337,3400,3415,3616,3736,3777,3800,3813,3834,3913,4093,4112,4286,4293,4359,4541,4546,4680,4791,4808,5047,5278,5299,5312,5404,5640],"timestamp":1652810413,"blue_key_relic_skipped_log":{"floor":43,"relicID":"Gremlin Horn"},"path_taken":["M","M","?","?","M","R","E","R","T","M","?","E","?","E","R","BOSS","M","?","M","$","M","R","E","M","T","E","R","M","$","?","R","BOSS","M","?","?","?","M","E","R","E","T","M","?","R","E","M","R","BOSS","BOSS","R","$","E","BOSS"],"build_version":"2022-03-07","purchased_purges":3,"victory":false,"max_hp_per_floor":[75,75,75,75,75,75,75,75,75,75,75,75,75,75,75,75,75,75,75,75,75,75,75,75,75,75,75,75,75,75,75,75,75,75,75,75,75,75,75,75,75,75,75,75,80,80,80,80,80,80,80,80,80,80,80,80],"relic_stats":{"Ice Cream":[137],"counters":[29,126],"Dead Branch":[264],"Pen Nib":[8],"Bag of Preparation":[30],"Whetstone":["Strike_R","Strike_R"],"Orichalcum":[48],"Burning Blood":157,"Peace Pipe":1,"Nunchaku":[6],"Shuriken":[20],"Tiny Chest":1,"Turnip":[8],"Black Star":4,"Bottled Lightning":"Offering","obtain_stats":[{"Ice Cream":9,"Dead Branch":7,"Pen Nib":42,"Bag of Preparation":27,"Incense Burner":55,"Whetstone":12,"Orichalcum":40,"Burning Blood":0,"Akabeko":26,"Peace Pipe":42,"Nunchaku":47,"Anchor":54,"HornCleat":14,"Shuriken":38,"Philosopher\u0027s Stone":17,"Tiny Chest":24,"Turnip":40,"Red Mask":31,"Black Star":34,"Bottled Lightning":55,"StrikeDummy":47},{"Ice Cream":4,"Dead Branch":4,"Pen Nib":21,"Bag of Preparation":14,"Incense Burner":28,"Whetstone":6,"Orichalcum":20,"Burning Blood":0,"Akabeko":13,"Peace Pipe":21,"Nunchaku":24,"Anchor":27,"HornCleat":7,"Shuriken":18,"Philosopher\u0027s Stone":8,"Tiny Chest":12,"Turnip":20,"Red Mask":16,"Black Star":17,"Bottled Lightning":28,"StrikeDummy":24},{"Ice Cream":13,"Dead Branch":13,"Pen Nib":86,"Bag of Preparation":63,"Incense Burner":117,"Whetstone":25,"Orichalcum":82,"Burning Blood":0,"Akabeko":58,"Peace Pipe":86,"Nunchaku":97,"Anchor":112,"HornCleat":31,"Shuriken":76,"Philosopher\u0027s Stone":38,"Tiny Chest":53,"Turnip":82,"Red Mask":68,"Black Star":74,"Bottled Lightning":117,"StrikeDummy":97}]},"card_choices":[{"not_picked":["Evolve","Body Slam"],"picked":"Thunderclap","floor":1},{"not_picked":["Cleave","Armaments"],"picked":"Hemokinesis","floor":2},{"not_picked":["Armaments","Seeing Red"],"picked":"Headbutt","floor":5},{"not_picked":["Dark Embrace","Uppercut"],"picked":"Impervious","floor":7},{"not_picked":["Wild Strike","Havoc"],"picked":"Reckless Charge","floor":10},{"not_picked":["Armaments","Heavy Blade"],"picked":"Dark Embrace","floor":12},{"not_picked":["Sentinel","Blood for Blood"],"picked":"Intimidate","floor":14},{"not_picked":["Exhume","Juggernaut"],"picked":"Immolate","floor":16},{"not_picked":["Ghostly Armor","Body Slam"],"picked":"Bloodletting","floor":18},{"not_picked":["Wild Strike","Pommel Strike"],"picked":"Warcry","floor":20},{"not_picked":["Havoc","Clothesline"],"picked":"Armaments","floor":22},{"not_picked":["Wild Strike","Sword Boomerang","Rampage"],"picked":"SKIP","floor":24},{"not_picked":["Warcry","Wild Strike"],"picked":"Shrug It Off","floor":25},{"not_picked":["Warcry","Fire Breathing","Bloodletting"],"picked":"SKIP","floor":27},{"not_picked":["Warcry","Fire Breathing","Bloodletting"],"picked":"SKIP","floor":27},{"not_picked":["Havoc","Warcry","Headbutt"],"picked":"SKIP","floor":29},{"not_picked":["Warcry","Evolve","Sword Boomerang"],"picked":"SKIP","floor":31},{"not_picked":["Iron Wave","Evolve"],"picked":"Pummel+1","floor":35},{"not_picked":["Wild Strike+1","Clash"],"picked":"Battle Trance","floor":39},{"not_picked":["Twin Strike","Pommel Strike"],"picked":"Shockwave","floor":40},{"not_picked":["Berserk","Iron Wave"],"picked":"Whirlwind+1","floor":42},{"not_picked":["Warcry","Armaments","Flex"],"picked":"SKIP","floor":44},{"not_picked":["Flex","Brutality","Rampage"],"picked":"SKIP","floor":45},{"not_picked":["Clothesline","Iron Wave","Twin Strike"],"picked":"SKIP","floor":47},{"not_picked":["Clothesline","Iron Wave","Twin Strike"],"picked":"SKIP","floor":47},{"not_picked":["Clash","Anger+1"],"picked":"Shrug It Off","floor":48},{"not_picked":["Body Slam","Wild Strike+1"],"picked":"Offering","floor":55}],"player_experience":6947756,"relics_obtained":[{"floor":7,"key":"Dead Branch"},{"floor":9,"key":"Ice Cream"},{"floor":12,"key":"Whetstone"},{"floor":14,"key":"HornCleat"},{"floor":24,"key":"Tiny Chest"},{"floor":26,"key":"Akabeko"},{"floor":27,"key":"Bag of Preparation"},{"floor":31,"key":"Red Mask"},{"floor":38,"key":"Shuriken"},{"floor":40,"key":"Orichalcum"},{"floor":40,"key":"Turnip"},{"floor":42,"key":"Peace Pipe"},{"floor":42,"key":"Pen Nib"},{"floor":47,"key":"StrikeDummy"},{"floor":47,"key":"Nunchaku"},{"floor":55,"key":"Incense Burner"},{"floor":55,"key":"Bottled Lightning"}],"event_choices":[{"damage_healed":0,"gold_gain":0,"player_choice":"Grow","damage_taken":0,"max_hp_gain":0,"max_hp_loss":0,"event_name":"Living Wall","floor":3,"gold_loss":0,"cards_upgraded":["Hemokinesis"]},{"damage_healed":0,"gold_gain":75,"player_choice":"Gather Gold","damage_taken":11,"max_hp_gain":0,"max_hp_loss":0,"event_name":"World of Goop","floor":4,"gold_loss":0},{"damage_healed":0,"gold_gain":0,"player_choice":"Ignored","damage_taken":0,"max_hp_gain":0,"max_hp_loss":0,"event_name":"Shining Light","floor":11,"gold_loss":0},{"damage_healed":0,"gold_gain":50,"player_choice":"Pray","damage_taken":0,"max_hp_gain":0,"max_hp_loss":0,"event_name":"Golden Shrine","floor":13,"gold_loss":0},{"cards_removed":["Strike_R"],"damage_healed":0,"gold_gain":0,"player_choice":"Elegance","damage_taken":0,"max_hp_gain":0,"max_hp_loss":0,"event_name":"Back to Basics","floor":19,"gold_loss":0},{"damage_healed":0,"gold_gain":0,"player_choice":"Fought Bandits","damage_taken":0,"max_hp_gain":0,"max_hp_loss":0,"event_name":"Masked Bandits","floor":31,"gold_loss":0},{"damage_healed":0,"gold_gain":0,"player_choice":"Embrace Madness","damage_taken":14,"max_hp_gain":0,"max_hp_loss":0,"event_name":"Winding Halls","floor":36,"gold_loss":0,"cards_obtained":["Madness","Madness"]},{"cards_removed":["Thunderclap"],"damage_healed":0,"gold_gain":0,"player_choice":"Removed Attack","damage_taken":0,"max_hp_gain":0,"max_hp_loss":0,"event_name":"Falling","floor":37,"gold_loss":0}],"is_beta":false,"boss_relics":[{"not_picked":["SacredBark","Tiny House"],"picked":"Philosopher\u0027s Stone"},{"not_picked":["Velvet Choker","Sozu"],"picked":"Black Star"}],"items_purged_floors":[21,30,54],"is_endless":false,"potions_floor_spawned":[1,10,16,18,20,27,31,33,39,40,44,45,48],"killed_by":"The Heart","ascension_level":20,"potion_discard_per_floor":[[],[],[],[],[],[],[],[],[],[],[],[],[],[],[],[],[],["HeartOfIron"],[],[],[],[],[],[],[],[],[],[],[],[],["BlessingOfTheForge"],[],[],[],[],[],[],[],["Regen Potion"],[],[],[],[],["SkillPotion"],[],[],[],[],[],[],[],[],[],["BlessingOfTheForge"],[],[]]}