{"gold_per_floor":[114,128,145,157,167,202,221,256,303,303,337,399,399,425,425,501,501,512,462,480,105,155,185,185,215,215,215,140,140,165,185,185,258,258,268,268,323,323,273,303,314,175,228,256,301,331,376,417,429,441,453,465,477,1,29,29],"floor_reached":57,"playtime":5885,"items_purged":["Strike_R","Defend_R","Strike_R","Strike_R","Anger"],"score":3117,"play_id":"4fab06f6-0b46-4965-994a-67ebaf755de6","local_time":"20220512161959","is_ascension_mode":true,"campfire_choices":[{"data":"Bash","floor":10,"key":"SMITH"},{"data":"Inflame","floor":15,"key":"SMITH"},{"data":"Feed","floor":27,"key":"SMITH"},{"data":"Armaments","floor":29,"key":"SMITH"},{"data":"Dark Embrace","floor":32,"key":"SMITH"},{"floor":49,"key":"RECALL"},{"floor":53,"key":"REST"}],"neow_cost":"NONE","seed_source_timestamp":3207162793634700,"shop_contents":[{"floor":19,"relics":["Sundial","Unceasing Top","PrismaticShard"],"cards":["Twin Strike","Headbutt","Flame Barrier","Warcry","Metallicize","Jack Of All Trades","HandOfGreed"],"potions":["Ancient Potion","Regen Potion","FearPotion"]},{"floor":21,"relics":["HornCleat","InkBottle"],"cards":["Searing Blow","Blood for Blood","Shrug It Off","Sentinel","Evolve","Metamorphosis"],"potions":["Dexterity Potion","LiquidBronze"]},{"floor":39,"relics":["Du-Vu Doll","Lizard Tail","Sling"],"cards":["Immolate","Sever Soul","Warcry","Flex","Combust","Madness","Metamorphosis"],"potions":["SkillPotion","BloodPotion","BloodPotion"]},{"floor":42,"relics":["Frozen Egg 2","Ancient Tea Set","Chemical X"],"cards":["Sword Boomerang","Heavy Blade","Warcry","Armaments","Metallicize","Apotheosis"],"potions":["Dexterity Potion","DuplicationPotion","Energy Potion"]},{"floor":54,"relics":["Bottled Flame"],"cards":["Wild Strike","Pommel Strike","Warcry","Havoc","Corruption","Deep Breath","The Bomb"],"potions":["EssenceOfSteel"]}],"circlet_count":0,"master_deck":["AscendersBane","Defend_R","Defend_R","Defend_R","Bash+1","Sever Soul+1","Pommel Strike+1","Ghostly Armor","Battle Trance","Pummel","Pummel","Shrug It Off","Inflame+1","Feed+1","Battle Trance","Trip","Dropkick+1","Clothesline+1","Armaments+1","Offering","Shockwave+1","Dark Embrace+1","Corruption+1","Shrug It Off","Dropkick+1","Sentinel","PanicButton","Armaments","Burning Pact"],"potion_use_per_floor":[[],[],[],[],[],["Strength Potion","BlessingOfTheForge"],[],[],[],[],[],["EssenceOfSteel"],[],[],[],[],[],[],[],[],[],[],["Explosive Potion"],[],[],[],[],[],[],[],[],[],[],[],[],[],[],[],[],[],[],[],[],[],[],[],[],[],[],[],[],[],[],[],[],["PowerPotion","SteroidPotion","BloodPotion"],[]],"relics":["Burning Blood","Lantern","Red Skull","Paper Frog","Juzu Bracelet","Pantograph","Smiling Mask","SlaversCollar","Lee\u0027s Waffle","Centennial Puzzle","WingedGreaves","StrikeDummy","Bag of Marbles","Fusion Hammer","Incense Burner","Anchor","MawBank","Potion Belt","Darkstone Periapt","Meat on the Bone","Bag of Preparation","Frozen Eye","Whetstone"],"potions_floor_usage":[6,6,12,23,56,56,56],"damage_taken":[{"damage":1,"enemies":"Cultist","floor":1,"turns":3},{"damage":5,"enemies":"Small Slimes","floor":2,"turns":2},{"damage":12,"enemies":"Jaw Worm","floor":3,"turns":2},{"damage":16,"enemies":"Gremlin Gang","floor":4,"turns":5},{"damage":1,"enemies":"2 Fungi Beasts","floor":5,"turns":3},{"damage":11,"enemies":"Gremlin Nob","floor":6,"turns":3},{"damage":6,"enemies":"Looter","floor":7,"turns":3},{"damage":30,"enemies":"3 Sentries","floor":8,"turns":7},{"damage":5,"enemies":"Lagavulin","floor":11,"turns":5},{"damage":16,"enemies":"Lagavulin Event","floor":12,"turns":3},{"damage":15,"enemies":"Slime Boss","floor":16,"turns":4},{"damage":41,"enemies":"2 Thieves","floor":18,"turns":4},{"damage":24,"enemies":"3 Byrds","floor":20,"turns":4},{"damage":55,"enemies":"Slavers","floor":23,"turns":6},{"damage":28,"enemies":"Gremlin Leader","floor":25,"turns":4},{"damage":8,"enemies":"Book of Stabbing","floor":30,"turns":3},{"damage":0,"enemies":"Sentry and Sphere","floor":31,"turns":2},{"damage":40,"enemies":"Automaton","floor":33,"turns":5},{"damage":10,"enemies":"Orb Walker","floor":35,"turns":3},{"damage":10,"enemies":"2 Orb Walkers","floor":37,"turns":3},{"damage":6,"enemies":"Giant Head","floor":40,"turns":4},{"damage":3,"enemies":"3 Darklings","floor":41,"turns":3},{"damage":6,"enemies":"Jaw Worm Horde","floor":44,"turns":3},{"damage":0,"enemies":"Reptomancer","floor":45,"turns":3},{"damage":6,"enemies":"Transient","floor":46,"turns":4},{"damage":0,"enemies":"Nemesis","floor":47,"turns":3},{"damage":48,"enemies":"Reptomancer","floor":48,"turns":3},{"damage":26,"enemies":"Awakened One","floor":50,"turns":5},{"damage":45,"enemies":"Time Eater","floor":51,"turns":9},{"damage":6,"enemies":"Shield and Spear","floor":55,"turns":2},{"damage":125,"enemies":"The Heart","floor":56,"turns":6}],"seed_played":"5891540885235975978","neow_bonus_log":{"cardsObtained":[],"cardsUpgraded":[],"cardsRemoved":[],"cardsTransformed":[],"relicsObtained":["Lantern"],"maxHpGained":0,"goldGained":0,"damageTaken":0,"goldLost":0,"maxHpLost":0},"potions_obtained":[{"floor":1,"key":"BlessingOfTheForge"},{"floor":2,"key":"Ancient Potion"},{"floor":5,"key":"Strength Potion"},{"floor":8,"key":"EssenceOfSteel"},{"floor":12,"key":"Regen Potion"},{"floor":25,"key":"Regen Potion"},{"floor":35,"key":"BloodPotion"},{"floor":47,"key":"PowerPotion"}],"is_trial":false,"path_per_floor":["M","M","M","M","M","E","M","E","T","R","E","?","?","T","R","B",null,"M","$","M","$","?","E","?","E","T","R","?","R","E","M","R","B",null,"M","?","?","?","$","E","M","$","T","M","E","M","E","E","R","B","B",null,"R","$","E","B",null],"character_chosen":"IRONCLAD","items_purchased":["Lee\u0027s Waffle","Trip","Explosive Potion","PanicButton","Bag of Preparation","Frozen Eye","SteroidPotion","Swift Potion"],"campfire_rested":1,"item_purchase_floors":[21,21,21,42,54,54,54,54],"current_hp_per_floor":[73,74,68,58,63,58,58,34,34,34,35,25,30,30,30,46,72,40,40,25,93,93,44,44,25,25,25,25,25,23,33,33,28,85,85,85,85,85,85,89,96,96,96,100,110,110,120,82,82,91,81,128,144,144,148,75],"gold":29,"neow_bonus":"RANDOM_COMMON_RELIC","is_prod":false,"is_daily":false,"rewards_skipped":[{"floor":3,"relics":[],"potions":["ElixirPotion"]},{"floor":30,"relics":[],"potions":["BloodPotion"]},{"floor":31,"relics":[],"potions":["FearPotion"]},{"floor":40,"relics":[],"potions":["Energy Potion"]},{"floor":44,"relics":[],"potions":["FearPotion"]}],"chose_seed":false,"campfire_upgraded":5,"win_rate":0,"floor_exit_playtime":[348,437,542,693,799,990,1079,1276,1293,1322,1458,1622,1639,1650,1660,1818,1963,2074,2146,2247,2392,2405,2518,2551,2690,2706,2713,2798,2806,3003,3091,3100,3313,3535,3589,3659,3758,3852,3893,4025,4119,4176,4185,4270,4379,4552,4641,4761,4766,4951,5188,5207,5214,5289,5551,5885],"timestamp":1652386799,"blue_key_relic_skipped_log":{"floor":9,"relicID":"Regal Pillow"},"path_taken":["M","M","M","M","?","E","M","E","T","R","E","?","?","?","R","BOSS","M","$","M","$","?","E","?","E","T","R","?","R","E","M","R","BOSS","M","?","?","?","$","E","M","$","T","M","E","M","E","E","R","BOSS","BOSS","R","$","E","BOSS"],"build_version":"2022-03-07","purchased_purges":5,"victory":true,"max_hp_per_floor":[75,75,75,75,75,75,75,75,75,75,75,75,80,80,80,80,80,83,83,86,93,93,93,93,96,96,96,96,96,96,100,100,104,104,108,108,112,112,112,116,120,120,120,124,128,128,132,136,136,140,144,144,144,144,148,152],"relic_stats":{"Darkstone Periapt":0,"Lee\u0027s Waffle":68,"counters":[31,119],"Juzu Bracelet":3,"Bag of Preparation":[4],"Whetstone":["Sever Soul","Pommel Strike"],"Smiling Mask":375,"MawBank":132,"Burning Blood":186,"Frozen Eye":87.8248,"Centennial Puzzle":[42],"Pantograph":100,"WingedGreaves":3,"obtain_stats":[{"Potion Belt":45,"Darkstone Periapt":47,"Lantern":0,"Lee\u0027s Waffle":21,"Juzu Bracelet":11,"Incense Burner":37,"Bag of Preparation":54,"Whetstone":55,"Smiling Mask":14,"MawBank":43,"Burning Blood":0,"SlaversCollar":17,"Frozen Eye":54,"Centennial Puzzle":23,"Anchor":40,"Pantograph":12,"WingedGreaves":25,"Fusion Hammer":34,"Bag of Marbles":30,"StrikeDummy":26,"Red Skull":6,"Paper Frog":8,"Meat on the Bone":48},{"Potion Belt":24,"Darkstone Periapt":26,"Lantern":0,"Lee\u0027s Waffle":13,"Juzu Bracelet":9,"Incense Burner":20,"Bag of Preparation":29,"Whetstone":30,"Smiling Mask":10,"MawBank":22,"Burning Blood":0,"SlaversCollar":11,"Frozen Eye":29,"Centennial Puzzle":14,"Anchor":21,"Pantograph":10,"WingedGreaves":15,"Fusion Hammer":18,"Bag of Marbles":16,"StrikeDummy":15,"Red Skull":6,"Paper Frog":8,"Meat on the Bone":27},{"Potion Belt":87,"Darkstone Periapt":94,"Lantern":0,"Lee\u0027s Waffle":48,"Juzu Bracelet":33,"Incense Burner":74,"Bag of Preparation":111,"Whetstone":113,"Smiling Mask":36,"MawBank":81,"Burning Blood":0,"SlaversCollar":40,"Frozen Eye":111,"Centennial Puzzle":54,"Anchor":78,"Pantograph":36,"WingedGreaves":58,"Fusion Hammer":68,"Bag of Marbles":61,"StrikeDummy":58,"Red Skull":18,"Paper Frog":28,"Meat on the Bone":97}],"Meat on the Bone":12},"card_choices":[{"not_picked":["Bloodletting","Infernal Blade"],"picked":"Anger","floor":1},{"not_picked":["Rampage","Dual Wield"],"picked":"Sever Soul","floor":2},{"not_picked":["Blood for Blood","Armaments"],"picked":"Pommel Strike","floor":3},{"not_picked":["Dual Wield","Body Slam"],"picked":"Ghostly Armor","floor":4},{"not_picked":["Reckless Charge","Twin Strike"],"picked":"Battle Trance","floor":5},{"not_picked":["Sword Boomerang","Dark Embrace"],"picked":"Pummel","floor":6},{"not_picked":["Heavy Blade","Wild Strike"],"picked":"Pummel","floor":7},{"not_picked":["Flame Barrier","Searing Blow","Anger"],"picked":"SKIP","floor":8},{"not_picked":["Flame Barrier","Searing Blow","Anger"],"picked":"SKIP","floor":8},{"not_picked":["Twin Strike","Metallicize"],"picked":"Shrug It Off","floor":11},{"not_picked":["Feed","Evolve"],"picked":"Inflame","floor":12},{"not_picked":["Barricade","Corruption"],"picked":"Feed","floor":16},{"not_picked":["Hemokinesis","Twin Strike"],"picked":"Battle Trance","floor":18},{"not_picked":["Wild Strike","Pommel Strike","Cleave"],"picked":"SKIP","floor":20},{"not_picked":["Dual Wield","Evolve"],"picked":"Dropkick+1","floor":23},{"not_picked":["Shrug It Off","Burning Pact+1"],"picked":"Clothesline+1","floor":25},{"not_picked":["Blood for Blood","Rage"],"picked":"Shockwave+1","floor":30},{"not_picked":["Juggernaut","Anger"],"picked":"Dark Embrace","floor":31},{"not_picked":["Impervious","Bludgeon"],"picked":"Corruption","floor":33},{"not_picked":["Perfected Strike","Headbutt","Clothesline"],"picked":"SKIP","floor":35},{"not_picked":["Anger","Warcry"],"picked":"Shrug It Off","floor":37},{"not_picked":["Hemokinesis+1","Juggernaut","Body Slam"],"picked":"SKIP","floor":40},{"not_picked":["Perfected Strike+1","Armaments"],"picked":"Sentinel","floor":41},{"not_picked":["Cleave","Wild Strike+1","Sword Boomerang"],"picked":"SKIP","floor":44},{"not_picked":["Shockwave","Corruption"],"picked":"Armaments","floor":45},{"not_picked":["Battle Trance+1","Entrench","Perfected Strike"],"picked":"SKIP","floor":46},{"not_picked":["Battle Trance+1","Entrench","Perfected Strike"],"picked":"SKIP","floor":46},{"not_picked":["Evolve","Bludgeon","Sword Boomerang"],"picked":"SKIP","floor":47},{"not_picked":["Evolve","Bludgeon","Sword Boomerang"],"picked":"SKIP","floor":47},{"not_picked":["Exhume","Pommel Strike"],"picked":"Burning Pact","floor":48},{"not_picked":["Blood for Blood","Sword Boomerang","Reaper"],"picked":"SKIP","floor":55},{"not_picked":["Blood for Blood","Sword Boomerang","Reaper"],"picked":"SKIP","floor":55}],"player_experience":6919685,"relics_obtained":[{"floor":6,"key":"Red Skull"},{"floor":8,"key":"Paper Frog"},{"floor":11,"key":"Juzu Bracelet"},{"floor":12,"key":"Pantograph"},{"floor":14,"key":"Smiling Mask"},{"floor":23,"key":"Centennial Puzzle"},{"floor":25,"key":"WingedGreaves"},{"floor":26,"key":"StrikeDummy"},{"floor":30,"key":"Bag of Marbles"},{"floor":37,"key":"Incense Burner"},{"floor":40,"key":"Anchor"},{"floor":43,"key":"MawBank"},{"floor":45,"key":"Potion Belt"},{"floor":47,"key":"Darkstone Periapt"},{"floor":48,"key":"Meat on the Bone"},{"floor":55,"key":"Whetstone"}],"event_choices":[{"damage_healed":0,"gold_gain":30,"player_choice":"Searched \u00272\u0027 times","damage_taken":0,"max_hp_gain":0,"max_hp_loss":0,"event_name":"Dead Adventurer","floor":12,"gold_loss":0},{"damage_healed":0,"gold_gain":0,"player_choice":"Donut","damage_taken":0,"max_hp_gain":5,"max_hp_loss":0,"event_name":"Big Fish","floor":13,"gold_loss":0},{"damage_healed":0,"gold_gain":50,"player_choice":"Stole From Cult","damage_taken":0,"max_hp_gain":0,"max_hp_loss":0,"event_name":"Nest","floor":22,"gold_loss":0},{"damage_healed":0,"gold_gain":0,"player_choice":"Ignored","damage_taken":0,"max_hp_gain":0,"max_hp_loss":0,"event_name":"Vampires","floor":24,"gold_loss":0},{"damage_healed":0,"gold_gain":0,"cards_transformed":["Strike_R","Strike_R"],"player_choice":"Transformed Cards","damage_taken":0,"max_hp_gain":0,"max_hp_loss":0,"event_name":"Designer","floor":28,"gold_loss":75,"cards_obtained":["Armaments","Offering"]},{"damage_healed":0,"gold_gain":0,"player_choice":"Forge","damage_taken":0,"max_hp_gain":0,"max_hp_loss":0,"event_name":"Accursed Blacksmith","floor":36,"gold_loss":0,"cards_upgraded":["Corruption"]},{"damage_healed":0,"gold_gain":0,"player_choice":"Fight","damage_taken":0,"max_hp_gain":0,"max_hp_loss":0,"event_name":"Mysterious Sphere","floor":37,"gold_loss":0},{"damage_healed":0,"gold_gain":0,"player_choice":"Copied","damage_taken":0,"max_hp_gain":0,"max_hp_loss":0,"event_name":"Duplicator","floor":38,"gold_loss":0,"cards_obtained":["Dropkick"]}],"is_beta":false,"boss_relics":[{"not_picked":["SacredBark","Mark of Pain"],"picked":"SlaversCollar"},{"not_picked":["Philosopher\u0027s Stone","Cursed Key"],"picked":"Fusion Hammer"}],"items_purged_floors":[19,21,39,42,54],"is_endless":false,"potions_floor_spawned":[1,2,3,5,8,12,25,30,31,35,40,44,47],"ascension_level":20,"potion_discard_per_floor":[[],[],[],[],["Ancient Potion"],[],[],[],[],[],[],[],[],[],[],[],[],[],[],[],[],[],[],[],[],[],[],[],[],[],[],[],[],[],["Regen Potion"],[],[],[],[],[],[],[],[],[],[],[],[],[],[],[],[],[],[],["Regen Potion"],[],[],[]]}