{"gold_per_floor":[210,222,3,3,17,46,46,77,155,186,186,199,224,253,253,327,327,344,45,63,98,98,128,128,155,155,189,189,189,201,39,39,114,114,133,143,156,156,378,407,426,451,451,462,494,230,243,243,243,243,243,243,243,28,60,60],"floor_reached":57,"playtime":4554,"items_purged":["Strike_R","Strike_R","Strike_R"],"score":2852,"play_id":"66fdfa23-6ec7-40d6-ac54-33c1ccc6e737","local_time":"20220521171523","falling_options_log":["Headbutt+1","True Grit+1"],"is_ascension_mode":true,"campfire_choices":[{"data":"Anger","floor":7,"key":"SMITH"},{"data":"Juggernaut","floor":11,"key":"SMITH"},{"data":"Disarm","floor":15,"key":"SMITH"},{"floor":24,"key":"RECALL"},{"floor":32,"key":"REST"},{"floor":49,"key":"REST"},{"floor":53,"key":"REST"}],"neow_cost":"NONE","seed_source_timestamp":632997210659600,"shop_contents":[{"floor":3,"relics":["Potion Belt","Bottled Lightning"],"cards":["Clothesline","Headbutt","Intimidate","Limit Break","Feel No Pain","PanicButton","Violence"],"potions":["Swift Potion","LiquidMemories"]},{"floor":19,"relics":["Toy Ornithopter","HornCleat"],"cards":["Dropkick","Body Slam","Flame Barrier+1","Fire Breathing","Trip+1","Secret Technique+1"],"potions":["Ancient Potion","SkillPotion","SpeedPotion"]},{"floor":31,"relics":["Regal Pillow","Bottled Tornado"],"cards":["Body Slam","Reckless Charge","Power Through+1","Dual Wield+1","Dark Embrace","Dark Shackles+1","Metamorphosis+1"],"potions":["Explosive Potion","EssenceOfSteel","Energy Potion"]},{"floor":46,"relics":["MealTicket","Ornamental Fan"],"cards":["Carnage","Thunderclap","Ghostly Armor+1","Intimidate+1","Inflame","Enlightenment+1","Transmutation+1"],"potions":["Regen Potion","DistilledChaos","Explosive Potion"]},{"floor":54,"relics":["StrikeDummy","Bottled Flame","DollysMirror"],"cards":["Twin Strike","Cleave","True Grit+1","Havoc+1","Combust","Thinking Ahead+1"],"potions":["EntropicBrew","BlessingOfTheForge","Strength Potion"]}],"circlet_count":0,"master_deck":["AscendersBane","Strike_R","Defend_R","Defend_R","Defend_R","Defend_R","Bash","Disarm+1","Twin Strike","Anger+1","Iron Wave","Shockwave","Shrug It Off+1","Infernal Blade+1","Spot Weakness+1","Limit Break+1","Shrug It Off+1","Flex+1","Warcry+1","Dark Embrace","Battle Trance+1","True Grit+1","Headbutt","Headbutt+1","Limit Break+1","Pommel Strike","Corruption","Heavy Blade+1","Shrug It Off+1","Shrug It Off+1","Panacea+1","Shrug It Off+1"],"potion_use_per_floor":[[],[],[],[],[],["SteroidPotion"],[],[],[],[],[],[],["SneckoOil"],[],[],[],[],[],[],[],[],[],[],[],[],[],["SteroidPotion"],[],[],[],[],[],[],[],[],[],[],[],[],[],[],[],[],[],[],[],[],[],[],[],[],[],[],[],[],["PowerPotion"],[]],"relics":["Burning Blood","ClockworkSouvenir","Torii","Vajra","Eternal Feather","Toxic Egg 2","Odd Mushroom","Centennial Puzzle","Fusion Hammer","Brimstone","Red Mask","Orichalcum","InkBottle","Red Skull","Akabeko","Medical Kit","Mark of Pain","Matryoshka","Darkstone Periapt","Nunchaku","Lantern","Toolbox","Pear"],"potions_floor_usage":[6,13,27,56],"damage_taken":[{"damage":9,"enemies":"Jaw Worm","floor":1,"turns":4},{"damage":4,"enemies":"2 Louse","floor":2,"turns":4},{"damage":0,"enemies":"Small Slimes","floor":5,"turns":4},{"damage":6,"enemies":"Gremlin Nob","floor":6,"turns":3},{"damage":17,"enemies":"3 Sentries","floor":8,"turns":11},{"damage":7,"enemies":"Gremlin Nob","floor":10,"turns":4},{"damage":6,"enemies":"Exordium Wildlife","floor":12,"turns":4},{"damage":1,"enemies":"The Mushroom Lair","floor":13,"turns":4},{"damage":14,"enemies":"Lagavulin","floor":14,"turns":7},{"damage":15,"enemies":"Hexaghost","floor":16,"turns":9},{"damage":1,"enemies":"3 Byrds","floor":18,"turns":4},{"damage":14,"enemies":"Shell Parasite","floor":20,"turns":2},{"damage":2,"enemies":"Masked Bandits","floor":21,"turns":3},{"damage":3,"enemies":"Book of Stabbing","floor":23,"turns":4},{"damage":1,"enemies":"Gremlin Leader","floor":25,"turns":5},{"damage":20,"enemies":"Slavers","floor":27,"turns":3},{"damage":1,"enemies":"Snake Plant","floor":30,"turns":2},{"damage":8,"enemies":"Champ","floor":33,"turns":6},{"damage":1,"enemies":"3 Darklings","floor":35,"turns":2},{"damage":0,"enemies":"Orb Walker","floor":36,"turns":2},{"damage":10,"enemies":"Writhing Mass","floor":37,"turns":3},{"damage":19,"enemies":"Giant Head","floor":40,"turns":5},{"damage":16,"enemies":"Maw","floor":41,"turns":4},{"damage":1,"enemies":"Reptomancer","floor":42,"turns":2},{"damage":0,"enemies":"Spire Growth","floor":44,"turns":3},{"damage":1,"enemies":"Giant Head","floor":45,"turns":3},{"damage":0,"enemies":"4 Shapes","floor":47,"turns":2},{"damage":1,"enemies":"Awakened One","floor":50,"turns":6},{"damage":1,"enemies":"Donu and Deca","floor":51,"turns":3},{"damage":6,"enemies":"Shield and Spear","floor":55,"turns":3},{"damage":78,"enemies":"The Heart","floor":56,"turns":6}],"seed_played":"-2566529980093049731","neow_bonus_log":{"cardsObtained":[],"cardsUpgraded":[],"cardsRemoved":[],"cardsTransformed":[],"relicsObtained":[],"maxHpGained":0,"goldGained":100,"damageTaken":0,"goldLost":0,"maxHpLost":0},"potions_obtained":[{"floor":2,"key":"Dexterity Potion"},{"floor":6,"key":"Swift Potion"},{"floor":10,"key":"DistilledChaos"},{"floor":12,"key":"SneckoOil"},{"floor":14,"key":"SteroidPotion"},{"floor":30,"key":"LiquidBronze"},{"floor":36,"key":"ElixirPotion"},{"floor":44,"key":"PowerPotion"}],"is_trial":false,"path_per_floor":["M","M","$","?","M","E","R","E","T","E","R","M","?","E","R","B",null,"M","$","M","?","?","E","R","E","T","E","?","?","M","$","R","B",null,"M","M","M","?","?","E","M","E","T","M","E","$","M","?","R","B","B",null,"R","$","E","B",null],"character_chosen":"IRONCLAD","items_purchased":["ClockworkSouvenir","SteroidPotion","Brimstone","Flex+1","Medical Kit","Toolbox","Panacea+1"],"campfire_rested":3,"item_purchase_floors":[3,3,19,19,31,46,54],"current_hp_per_floor":[65,67,67,60,66,66,66,55,55,54,63,63,68,60,69,60,71,75,75,67,71,71,74,75,75,75,61,61,61,66,66,75,73,75,75,75,71,71,71,58,48,53,53,59,64,64,70,70,71,71,71,71,71,71,81,9],"gold":60,"neow_bonus":"HUNDRED_GOLD","is_prod":false,"is_daily":false,"rewards_skipped":[{"floor":18,"relics":[],"potions":["Energy Potion"]},{"floor":21,"relics":[],"potions":["BlessingOfTheForge"]},{"floor":25,"relics":[],"potions":["FearPotion"]},{"floor":41,"relics":[],"potions":["Weak Potion"]},{"floor":45,"relics":[],"potions":["BlessingOfTheForge"]},{"floor":55,"relics":[],"potions":["LiquidBronze"]}],"chose_seed":false,"campfire_upgraded":3,"win_rate":0,"floor_exit_playtime":[120,172,233,240,294,401,433,586,597,698,705,782,879,970,979,1140,1241,1342,1422,1475,1559,1566,1643,1651,1768,1780,1861,1883,1906,1957,2001,2005,2121,2219,2277,2710,2761,2785,2795,2956,3084,3207,3218,3322,3467,3566,3645,3657,3663,3820,3917,3934,3944,4024,4187,4554],"timestamp":1653167723,"blue_key_relic_skipped_log":{"floor":43,"relicID":"Blood Vial"},"path_taken":["M","M","$","?","M","E","R","E","T","E","R","M","?","E","R","BOSS","M","$","M","?","?","E","R","E","T","E","?","?","M","$","R","BOSS","M","M","M","?","?","E","M","E","T","M","E","$","M","?","R","BOSS","BOSS","R","$","E","BOSS"],"build_version":"2022-03-07","purchased_purges":3,"victory":true,"max_hp_per_floor":[75,75,75,75,75,75,75,75,75,75,75,75,75,75,75,75,75,75,75,75,75,75,75,75,75,75,75,75,75,75,75,75,75,75,75,75,75,75,75,75,75,75,75,75,75,75,75,71,71,71,71,71,71,71,81,81],"relic_stats":{"Darkstone Periapt":0,"Centennial Puzzle":[57],"Nunchaku":[4],"Matryoshka":1,"Torii":115,"counters":[31,127],"Eternal Feather":29,"Orichalcum":[36],"Medical Kit":[22],"obtain_stats":[{"Darkstone Periapt":42,"Lantern":45,"Pear":55,"Torii":6,"Vajra":8,"Eternal Feather":9,"Odd Mushroom":13,"Orichalcum":23,"Medical Kit":31,"Burning Blood":0,"Akabeko":27,"ClockworkSouvenir":3,"Centennial Puzzle":14,"Nunchaku":43,"Matryoshka":40,"Brimstone":19,"Toolbox":46,"Fusion Hammer":17,"Mark of Pain":34,"Red Mask":21,"Toxic Egg 2":10,"InkBottle":25,"Red Skull":26},{"Darkstone Periapt":24,"Lantern":26,"Pear":30,"Torii":4,"Vajra":5,"Eternal Feather":5,"Odd Mushroom":8,"Orichalcum":14,"Medical Kit":17,"Burning Blood":0,"Akabeko":16,"ClockworkSouvenir":2,"Centennial Puzzle":9,"Nunchaku":24,"Matryoshka":22,"Brimstone":11,"Toolbox":26,"Fusion Hammer":10,"Mark of Pain":18,"Red Mask":13,"Toxic Egg 2":6,"InkBottle":15,"Red Skull":15},{"Darkstone Periapt":101,"Lantern":107,"Pear":121,"Torii":15,"Vajra":26,"Eternal Feather":26,"Odd Mushroom":38,"Orichalcum":67,"Medical Kit":77,"Burning Blood":0,"Akabeko":75,"ClockworkSouvenir":8,"Centennial Puzzle":45,"Nunchaku":101,"Matryoshka":95,"Brimstone":58,"Toolbox":107,"Fusion Hammer":54,"Mark of Pain":83,"Red Mask":63,"Toxic Egg 2":30,"InkBottle":72,"Red Skull":72}],"Burning Blood":159,"InkBottle":[29]},"card_choices":[{"not_picked":["Havoc","Intimidate"],"picked":"Disarm","floor":1},{"not_picked":["Burning Pact","Ghostly Armor"],"picked":"Twin Strike","floor":2},{"not_picked":["Blood for Blood","Dropkick"],"picked":"Anger","floor":5},{"not_picked":["Rupture","Heavy Blade"],"picked":"Iron Wave","floor":6},{"not_picked":["Rupture","Iron Wave"],"picked":"Shockwave","floor":8},{"not_picked":["Perfected Strike","Clash"],"picked":"Juggernaut","floor":10},{"not_picked":["Clash","Clothesline"],"picked":"Shrug It Off+1","floor":12},{"not_picked":["Thunderclap","Sever Soul"],"picked":"Infernal Blade+1","floor":13},{"not_picked":["Carnage","Pommel Strike"],"picked":"Spot Weakness+1","floor":14},{"not_picked":["Feed","Barricade"],"picked":"Limit Break+1","floor":16},{"not_picked":["True Grit+1","Infernal Blade+1"],"picked":"Shrug It Off+1","floor":18},{"not_picked":["Spot Weakness+1","Twin Strike"],"picked":"Warcry+1","floor":20},{"not_picked":["Pommel Strike","Rage+1","Dual Wield+1"],"picked":"SKIP","floor":21},{"not_picked":["Iron Wave","Juggernaut"],"picked":"Dark Embrace","floor":23},{"not_picked":["Second Wind+1","Clothesline"],"picked":"Battle Trance+1","floor":25},{"not_picked":["Power Through+1","Ghostly Armor+1"],"picked":"True Grit+1","floor":27},{"not_picked":["Heavy Blade","Second Wind+1","Flex+1","Clothesline","Evolve","Inflame","Uppercut","Wild Strike","Twin Strike","Pommel Strike","Shrug It Off+1","Reckless Charge","Spot Weakness+1","Seeing Red+1","Perfected Strike","Cleave","Thunderclap","True Grit+1","Entrench+1"],"picked":"Headbutt","floor":28},{"not_picked":["Spot Weakness+1","Thunderclap"],"picked":"Headbutt+1","floor":30},{"not_picked":["Immolate","Brutality"],"picked":"Limit Break+1","floor":33},{"not_picked":["Clothesline","Sever Soul","Flex+1"],"picked":"SKIP","floor":35},{"not_picked":["Thunderclap","Spot Weakness+1","Cleave"],"picked":"SKIP","floor":36},{"not_picked":["Thunderclap","Spot Weakness+1","Cleave"],"picked":"SKIP","floor":36},{"not_picked":["Thunderclap","Clothesline","Entrench+1"],"picked":"SKIP","floor":37},{"not_picked":["Wild Strike","Evolve+1"],"picked":"Pommel Strike","floor":40},{"not_picked":["Spot Weakness+1","Body Slam","Clash"],"picked":"SKIP","floor":41},{"not_picked":["Sentinel+1","Wild Strike+1"],"picked":"Corruption","floor":42},{"not_picked":["Flex+1","Havoc+1"],"picked":"Heavy Blade+1","floor":44},{"not_picked":["Dark Embrace","Bludgeon"],"picked":"Shrug It Off+1","floor":45},{"not_picked":["Warcry+1","Infernal Blade+1"],"picked":"Shrug It Off+1","floor":47},{"not_picked":["Intimidate+1","Burning Pact+1"],"picked":"Shrug It Off+1","floor":55}],"player_experience":7005875,"relics_obtained":[{"floor":6,"key":"Torii"},{"floor":8,"key":"Vajra"},{"floor":9,"key":"Eternal Feather"},{"floor":10,"key":"Toxic Egg 2"},{"floor":13,"key":"Odd Mushroom"},{"floor":14,"key":"Centennial Puzzle"},{"floor":21,"key":"Red Mask"},{"floor":23,"key":"Orichalcum"},{"floor":25,"key":"InkBottle"},{"floor":26,"key":"Red Skull"},{"floor":27,"key":"Akabeko"},{"floor":40,"key":"Matryoshka"},{"floor":42,"key":"Darkstone Periapt"},{"floor":43,"key":"Nunchaku"},{"floor":45,"key":"Lantern"},{"floor":55,"key":"Pear"}],"event_choices":[{"cards_removed":["Strike_R"],"damage_healed":0,"gold_gain":0,"player_choice":"Card Removal","damage_taken":7,"max_hp_gain":0,"max_hp_loss":0,"event_name":"Golden Wing","floor":4,"gold_loss":0},{"damage_healed":0,"gold_gain":0,"player_choice":"Fought Mushrooms","damage_taken":0,"max_hp_gain":0,"max_hp_loss":0,"event_name":"Mushrooms","floor":13,"gold_loss":0},{"damage_healed":0,"gold_gain":0,"player_choice":"Fought Bandits","damage_taken":0,"max_hp_gain":0,"max_hp_loss":0,"event_name":"Masked Bandits","floor":21,"gold_loss":0},{"damage_healed":0,"gold_gain":0,"player_choice":"Ignored","damage_taken":0,"max_hp_gain":0,"max_hp_loss":0,"event_name":"The Mausoleum","floor":22,"gold_loss":0},{"damage_healed":0,"gold_gain":0,"player_choice":"Read","damage_taken":0,"max_hp_gain":0,"max_hp_loss":0,"event_name":"The Library","floor":28,"gold_loss":0,"cards_obtained":["Headbutt"]},{"damage_healed":0,"gold_gain":0,"player_choice":"Ignored","damage_taken":0,"max_hp_gain":0,"max_hp_loss":0,"event_name":"Ghosts","floor":29,"gold_loss":0},{"cards_removed":["Juggernaut"],"damage_healed":0,"gold_gain":0,"player_choice":"Removed Power","damage_taken":0,"max_hp_gain":0,"max_hp_loss":0,"event_name":"Falling","floor":38,"gold_loss":0},{"damage_healed":0,"gold_gain":222,"player_choice":"Wore Mask","damage_taken":0,"max_hp_gain":0,"max_hp_loss":0,"event_name":"Tomb of Lord Red Mask","floor":39,"gold_loss":0},{"damage_healed":0,"gold_gain":0,"player_choice":"Max HP","damage_taken":0,"max_hp_gain":0,"max_hp_loss":4,"event_name":"Winding Halls","floor":48,"gold_loss":0}],"is_beta":false,"boss_relics":[{"not_picked":["Cursed Key","Snecko Eye"],"picked":"Fusion Hammer"},{"not_picked":["SacredBark","Tiny House"],"picked":"Mark of Pain"}],"items_purged_floors":[19,46,54],"is_endless":false,"potions_floor_spawned":[2,6,10,12,14,18,21,25,30,36,41,44,45,55],"ascension_level":20,"potion_discard_per_floor":[[],[],[],[],[],[],[],[],[],["Dexterity Potion"],[],["Swift Potion"],[],[],[],[],[],[],[],[],[],[],[],[],[],[],[],[],[],[],[],[],[],[],[],["LiquidBronze"],[],[],[],[],[],[],[],["ElixirPotion"],[],[],[],[],[],[],[],[],[],[],[],[],[]]}