{"neow_bonuses_skipped_log":["THREE_ENEMY_KILL","RANDOM_COLORLESS_2","BOSS_RELIC"],"neow_costs_skipped_log":["NONE","CURSE","NONE"],"gold_per_floor":[115,125,141,141,170,205,205,247,272,272,302,366,400,420,420,503,503,529,538,560,195,220,220,262,262,262,4,4,43,52,74,74,159,159,187,208,235,252,267,300,300,328,361,393,393,393,247,278,278,278,278,278,278,12,49,49],"floor_reached":56,"playtime":3799,"items_purged":["Strike_R","Defend_R","Strike_R"],"score":2287,"play_id":"21b1f1c7-9770-4e52-ac9a-3569202c63d3","local_time":"20220526172757","falling_options_log":["Cleave","Demon Form+1"],"is_ascension_mode":true,"campfire_choices":[{"data":"Uppercut","floor":7,"key":"SMITH"},{"floor":10,"key":"REST"},{"floor":15,"key":"REST"},{"data":"Armaments","floor":23,"key":"SMITH"},{"data":"True Grit","floor":25,"key":"SMITH"},{"data":"Demon Form","floor":28,"key":"SMITH"},{"data":"Inflame","floor":32,"key":"SMITH"},{"data":"Disarm","floor":41,"key":"SMITH"},{"floor":45,"key":"RECALL"},{"data":"Heavy Blade","floor":49,"key":"SMITH"},{"data":"Offering","floor":53,"key":"SMITH"}],"neow_cost":"NONE","seed_source_timestamp":1066529665321100,"shop_contents":[{"floor":21,"relics":["Regal Pillow","Strange Spoon"],"cards":["Iron Wave","Armaments","Flex","Barricade","Swift Strike","Thinking Ahead"],"potions":["PowerPotion"]},{"floor":27,"relics":["Strawberry","Cauldron"],"cards":["Iron Wave","Perfected Strike","Intimidate","Havoc","Inflame","Finesse","Transmutation"],"potions":["ColorlessPotion","LiquidBronze","Fire Potion"]},{"floor":47,"relics":["Anchor","Bronze Scales","Lee\u0027s Waffle"],"cards":["Dropkick","Clash","Power Through","Combust","Flash of Steel","Mayhem"],"potions":["FairyPotion","Explosive Potion","Energy Potion"]},{"floor":54,"relics":["Happy Flower","Brimstone"],"cards":["Hemokinesis","Anger","Flex","Sentinel","Evolve","Bandage Up","Magnetism"],"potions":["Fire Potion","SmokeBomb"]}],"circlet_count":0,"master_deck":["AscendersBane","Strike_R","Strike_R","Strike_R","Defend_R","Defend_R","Defend_R","Bash","Headbutt","True Grit+1","Uppercut+1","Cleave","Armaments+1","Demon Form+1","Offering+1","Sword Boomerang","Necronomicurse","Ghostly Armor","Heavy Blade+1","Inflame+1","Burning Pact+1","Sword Boomerang+1","Disarm+1","Heavy Blade+1","Offering","Pommel Strike+1","Burning Pact+1","Dark Shackles+1","Dark Shackles","Master of Strategy","Clumsy","Shrug It Off","Impervious"],"potion_use_per_floor":[[],[],[],[],[],["Regen Potion","FearPotion"],[],[],[],[],["SkillPotion","Energy Potion"],[],[],[],[],[],[],[],[],["DuplicationPotion"],["BloodPotion"],[],[],["BloodPotion"],[],[],[],[],[],[],[],[],[],[],[],[],[],[],[],["Regen Potion"],[],[],[],[],[],[],[],[],[],[],[],[],[],[],["Swift Potion"],["CultistPotion","Energy Potion","SteroidPotion"]],"relics":["Burning Blood","CeramicFish","Bag of Preparation","Boot","Blood Vial","Ancient Tea Set","Nunchaku","Coffee Dripper","Necronomicon","PreservedInsect","Pen Nib","Centennial Puzzle","Potion Belt","Darkstone Periapt","Cursed Key","Oddly Smooth Stone","Letter Opener","HornCleat","War Paint","Vajra","Red Skull"],"potions_floor_usage":[6,6,11,11,20,21,24,40,55,56,56,56],"damage_taken":[{"damage":1,"enemies":"Small Slimes","floor":1,"turns":4},{"damage":7,"enemies":"Jaw Worm","floor":2,"turns":3},{"damage":8,"enemies":"2 Louse","floor":3,"turns":2},{"damage":6,"enemies":"Looter","floor":5,"turns":4},{"damage":32,"enemies":"Lagavulin","floor":6,"turns":7},{"damage":24,"enemies":"Gremlin Nob","floor":8,"turns":4},{"damage":30,"enemies":"Lagavulin","floor":11,"turns":6},{"damage":24,"enemies":"Gremlin Nob","floor":13,"turns":4},{"damage":4,"enemies":"2 Fungi Beasts","floor":14,"turns":3},{"damage":15,"enemies":"Slime Boss","floor":16,"turns":8},{"damage":6,"enemies":"Chosen","floor":18,"turns":3},{"damage":0,"enemies":"Spheric Guardian","floor":20,"turns":2},{"damage":13,"enemies":"Snake Plant","floor":22,"turns":2},{"damage":6,"enemies":"Gremlin Leader","floor":24,"turns":2},{"damage":0,"enemies":"Book of Stabbing","floor":29,"turns":2},{"damage":11,"enemies":"Shelled Parasite and Fungi","floor":31,"turns":3},{"damage":18,"enemies":"Automaton","floor":33,"turns":4},{"damage":6,"enemies":"3 Shapes","floor":35,"turns":5},{"damage":12,"enemies":"3 Darklings","floor":36,"turns":2},{"damage":6,"enemies":"Writhing Mass","floor":38,"turns":2},{"damage":6,"enemies":"Transient","floor":39,"turns":6},{"damage":6,"enemies":"Giant Head","floor":40,"turns":4},{"damage":16,"enemies":"Nemesis","floor":42,"turns":3},{"damage":9,"enemies":"Reptomancer","floor":44,"turns":2},{"damage":6,"enemies":"Giant Head","floor":48,"turns":3},{"damage":15,"enemies":"Time Eater","floor":50,"turns":4},{"damage":39,"enemies":"Donu and Deca","floor":51,"turns":6},{"damage":19,"enemies":"Shield and Spear","floor":55,"turns":5},{"damage":60,"enemies":"The Heart","floor":56,"turns":5}],"seed_played":"2724835348019561198","neow_bonus_log":{"cardsObtained":[],"cardsUpgraded":[],"cardsRemoved":[],"cardsTransformed":[],"relicsObtained":[],"maxHpGained":0,"goldGained":0,"damageTaken":0,"goldLost":0,"maxHpLost":0},"potions_obtained":[{"floor":2,"key":"FearPotion"},{"floor":5,"key":"Regen Potion"},{"floor":6,"key":"Energy Potion"},{"floor":8,"key":"SkillPotion"},{"floor":14,"key":"DuplicationPotion"},{"floor":18,"key":"Explosive Potion"},{"floor":24,"key":"FearPotion"},{"floor":29,"key":"Swift Potion"},{"floor":31,"key":"SteroidPotion"},{"floor":38,"key":"Regen Potion"},{"floor":39,"key":"Swift Potion"},{"floor":42,"key":"SmokeBomb"},{"floor":48,"key":"Energy Potion"}],"is_trial":false,"path_per_floor":["M","M","M","?","M","E","R","E","T","R","E","?","E","M","R","B",null,"M","?","M","$","M","R","E","R","T","$","R","E","?","M","R","B",null,"M","M","?","M","M","E","R","E","T","E","R","?","$","E","R","B","B",null,"R","$","E","B"],"character_chosen":"IRONCLAD","items_purchased":["PreservedInsect","Heavy Blade","BloodPotion","BloodPotion","Potion Belt","Shrug It Off","Vajra","CultistPotion"],"campfire_rested":2,"item_purchase_floors":[21,21,21,21,27,47,54,54],"current_hp_per_floor":[73,72,70,59,59,48,48,30,30,52,30,30,14,18,40,33,65,67,46,54,69,64,64,75,75,75,75,75,75,75,70,70,60,71,73,69,59,61,63,75,75,65,71,70,70,70,70,72,72,65,34,69,69,69,58,0],"gold":49,"neow_bonus":"RANDOM_COLORLESS","is_prod":false,"is_daily":false,"rewards_skipped":[{"floor":33,"relics":[],"potions":["Weak Potion"]}],"chose_seed":false,"campfire_upgraded":8,"win_rate":0,"floor_exit_playtime":[165,202,293,300,395,528,537,621,700,708,833,846,974,1035,1040,1199,1344,1422,1460,1542,1623,1657,1667,1729,1745,1755,1818,1834,1893,1944,2030,2042,2174,2264,2342,2390,2436,2491,2604,2724,2732,2794,2808,2878,2886,2895,2996,3057,3074,3166,3325,3352,3364,3440,3606],"timestamp":1653600477,"blue_key_relic_skipped_log":{"floor":43,"relicID":"MealTicket"},"path_taken":["M","M","M","?","M","E","R","E","T","R","E","?","E","M","R","BOSS","M","?","M","$","M","R","E","R","T","$","R","E","?","M","R","BOSS","M","M","?","M","M","E","R","E","T","E","R","?","$","E","R","BOSS","BOSS","R","$","E","BOSS"],"build_version":"2022-03-07","purchased_purges":3,"victory":false,"max_hp_per_floor":[75,75,75,75,75,75,75,75,75,75,75,75,75,75,75,75,75,75,75,75,75,75,75,75,75,75,75,75,75,75,75,75,75,75,75,75,75,75,75,75,75,75,81,81,81,81,81,81,81,81,81,81,81,81,81,81],"relic_stats":{"Darkstone Periapt":6,"counters":[29,110],"CeramicFish":207,"PreservedInsect":540,"Pen Nib":[15],"Bag of Preparation":[48],"Letter Opener":[76],"War Paint":["Dark Shackles","Burning Pact"],"Boot":[26],"Ancient Tea Set":[16],"Cursed Key":1,"Burning Blood":160,"Blood Vial":40,"Nunchaku":[20],"Centennial Puzzle":[41],"Necronomicon":[48],"obtain_stats":[{"Potion Belt":27,"Darkstone Periapt":29,"CeramicFish":4,"Oddly Smooth Stone":40,"Vajra":54,"PreservedInsect":21,"Pen Nib":24,"Bag of Preparation":6,"Letter Opener":42,"War Paint":48,"Boot":8,"Ancient Tea Set":11,"Cursed Key":34,"Burning Blood":0,"Blood Vial":9,"Nunchaku":13,"Centennial Puzzle":26,"HornCleat":44,"Coffee Dripper":17,"Necronomicon":19,"Red Skull":55},{"Potion Belt":14,"Darkstone Periapt":15,"CeramicFish":3,"Oddly Smooth Stone":22,"Vajra":27,"PreservedInsect":12,"Pen Nib":14,"Bag of Preparation":5,"Letter Opener":23,"War Paint":25,"Boot":6,"Ancient Tea Set":7,"Cursed Key":17,"Burning Blood":0,"Blood Vial":6,"Nunchaku":8,"Centennial Puzzle":14,"HornCleat":24,"Coffee Dripper":10,"Necronomicon":11,"Red Skull":28},{"Potion Belt":54,"Darkstone Periapt":56,"CeramicFish":9,"Oddly Smooth Stone":82,"Vajra":100,"PreservedInsect":50,"Pen Nib":54,"Bag of Preparation":20,"Letter Opener":85,"War Paint":90,"Boot":24,"Ancient Tea Set":30,"Cursed Key":63,"Burning Blood":0,"Blood Vial":24,"Nunchaku":34,"Centennial Puzzle":54,"HornCleat":87,"Coffee Dripper":45,"Necronomicon":48,"Red Skull":105}]},"card_choices":[{"not_picked":["Thunderclap","Dual Wield"],"picked":"Headbutt","floor":1},{"not_picked":["Havoc","Iron Wave"],"picked":"Infernal Blade","floor":2},{"not_picked":["Bloodletting","Warcry"],"picked":"True Grit","floor":3},{"not_picked":["Thunderclap","Clash"],"picked":"Uppercut","floor":5},{"not_picked":["Rage","Burning Pact","Clash"],"picked":"SKIP","floor":6},{"not_picked":["Clash","Twin Strike"],"picked":"Cleave","floor":8},{"not_picked":["Infernal Blade","Limit Break","Havoc"],"picked":"SKIP","floor":11},{"not_picked":["Thunderclap","Wild Strike"],"picked":"Armaments","floor":13},{"not_picked":["Pommel Strike","Cleave"],"picked":"Demon Form","floor":14},{"not_picked":["Impervious","Barricade"],"picked":"Offering","floor":16},{"not_picked":["Iron Wave","Anger"],"picked":"Sword Boomerang","floor":18},{"not_picked":["Armaments","Iron Wave"],"picked":"Ghostly Armor","floor":20},{"not_picked":["Dual Wield","Flame Barrier"],"picked":"Inflame","floor":22},{"not_picked":["Twin Strike","Body Slam"],"picked":"Burning Pact","floor":24},{"not_picked":["Wild Strike","True Grit"],"picked":"Sword Boomerang+1","floor":29},{"not_picked":["Armaments","Anger","Twin Strike","Hemokinesis","Wild Strike","Sever Soul","Reckless Charge","True Grit","Warcry","Body Slam","Headbutt","Rupture","Thunderclap","Demon Form","Clothesline","Seeing Red","Pommel Strike","Heavy Blade","Limit Break"],"picked":"Disarm","floor":30},{"not_picked":["Searing Blow","Juggernaut"],"picked":"Heavy Blade+1","floor":31},{"not_picked":["Double Tap","Juggernaut"],"picked":"Offering","floor":33},{"not_picked":["Thunderclap","Shockwave"],"picked":"Pommel Strike+1","floor":35},{"not_picked":["Cleave","True Grit"],"picked":"Burning Pact+1","floor":36},{"not_picked":["Blind","Flash of Steel"],"picked":"Dark Shackles","floor":37},{"not_picked":["Flash of Steel","Panacea"],"picked":"Dark Shackles","floor":37},{"not_picked":["Madness","Secret Technique"],"picked":"Master of Strategy","floor":37},{"not_picked":["Flex","Twin Strike+1","Warcry"],"picked":"SKIP","floor":38},{"not_picked":["Headbutt+1","Body Slam","Warcry"],"picked":"SKIP","floor":39},{"not_picked":["Wild Strike","Rupture","Clothesline+1"],"picked":"SKIP","floor":40},{"not_picked":["Wild Strike","Rupture","Clothesline+1"],"picked":"SKIP","floor":40},{"not_picked":["Wild Strike","Rupture","Clothesline+1"],"picked":"SKIP","floor":40},{"not_picked":["Sword Boomerang","Wild Strike+1","Juggernaut"],"picked":"SKIP","floor":42},{"not_picked":["Body Slam+1","Rampage+1","Headbutt"],"picked":"SKIP","floor":44},{"not_picked":["Body Slam+1","Rampage+1","Headbutt"],"picked":"SKIP","floor":44},{"not_picked":["Infernal Blade","Fire Breathing","Uppercut"],"picked":"SKIP","floor":48},{"not_picked":["Armaments","Carnage"],"picked":"Impervious","floor":55}],"player_experience":7036394,"relics_obtained":[{"floor":6,"key":"Bag of Preparation"},{"floor":8,"key":"Boot"},{"floor":9,"key":"Blood Vial"},{"floor":11,"key":"Ancient Tea Set"},{"floor":13,"key":"Nunchaku"},{"floor":19,"key":"Necronomicon"},{"floor":24,"key":"Pen Nib"},{"floor":26,"key":"Centennial Puzzle"},{"floor":29,"key":"Darkstone Periapt"},{"floor":40,"key":"Oddly Smooth Stone"},{"floor":42,"key":"Letter Opener"},{"floor":44,"key":"HornCleat"},{"floor":48,"key":"War Paint"},{"floor":55,"key":"Red Skull"}],"event_choices":[{"damage_healed":0,"gold_gain":0,"player_choice":"Success","damage_taken":11,"relics_obtained":["CeramicFish"],"max_hp_gain":0,"max_hp_loss":0,"event_name":"Scrap Ooze","floor":4,"gold_loss":0},{"damage_healed":0,"gold_gain":64,"player_choice":"Gained Gold","damage_taken":0,"max_hp_gain":0,"max_hp_loss":0,"event_name":"Golden Wing","floor":12,"gold_loss":0},{"damage_healed":0,"gold_gain":0,"player_choice":"Obtained Book","damage_taken":21,"max_hp_gain":0,"max_hp_loss":0,"event_name":"Cursed Tome","floor":19,"gold_loss":0},{"damage_healed":0,"gold_gain":0,"player_choice":"Read","damage_taken":0,"max_hp_gain":0,"max_hp_loss":0,"event_name":"The Library","floor":30,"gold_loss":0,"cards_obtained":["Disarm"]},{"damage_healed":0,"gold_gain":0,"player_choice":"Memory 3","damage_taken":10,"max_hp_gain":0,"max_hp_loss":0,"event_name":"SensoryStone","floor":37,"gold_loss":0},{"cards_removed":["Infernal Blade"],"damage_healed":0,"gold_gain":0,"player_choice":"Removed Skill","damage_taken":0,"max_hp_gain":0,"max_hp_loss":0,"event_name":"Falling","floor":46,"gold_loss":0}],"is_beta":false,"boss_relics":[{"not_picked":["Black Blood","SlaversCollar"],"picked":"Coffee Dripper"},{"not_picked":["Astrolabe","Snecko Eye"],"picked":"Cursed Key"}],"items_purged_floors":[21,27,47],"is_endless":false,"potions_floor_spawned":[2,5,6,8,14,18,24,29,31,33,38,39,42,48],"killed_by":"The Heart","ascension_level":20,"potion_discard_per_floor":[[],[],[],[],[],[],[],[],[],[],[],[],[],[],[],[],[],[],[],[],[],[],[],[],[],[],[],[],[],[],[],[],[],[],[],[],[],["Explosive Potion"],["FearPotion"],[],[],[],[],[],[],[],[],["SmokeBomb"],[],[],[],[],[],["Swift Potion"],[],[]]}