{"gold_per_floor":[19,38,38,50,63,63,92,92,145,177,193,118,132,150,150,227,227,245,37,51,68,81,81,111,129,156,188,188,188,198,232,232,308,308,321,321,321,335,335,370,389,414,439,439,483,545,572,604,604,604,604,604,604,20,56,56],"floor_reached":57,"playtime":9096,"items_purged":[],"score":3219,"play_id":"60928f51-ee59-4d6c-bffd-2916faf11475","local_time":"20220610000922","falling_options_log":["Battle Trance","Inflame+1"],"is_ascension_mode":true,"campfire_choices":[{"data":"Hemokinesis","floor":6,"key":"SMITH"},{"data":"Seeing Red","floor":8,"key":"SMITH"},{"data":"Havoc","floor":15,"key":"SMITH"},{"data":"Fiend Fire","floor":23,"key":"SMITH"},{"floor":28,"key":"REST"},{"data":"Inflame","floor":32,"key":"SMITH"},{"floor":44,"key":"RECALL"},{"floor":49,"key":"DIG"},{"floor":53,"key":"DIG"}],"neow_cost":"NO_GOLD","seed_source_timestamp":29525123910000,"shop_contents":[{"floor":19,"relics":["Matryoshka","Blue Candle"],"cards":["Cleave","Pummel","Burning Pact","Warcry","Deep Breath","Mayhem"],"potions":["CultistPotion","PowerPotion","FearPotion"]},{"floor":54,"relics":["Bronze Scales","Strange Spoon"],"cards":["Uppercut","Reaper","Ghostly Armor","Inflame","PanicButton","Violence"],"potions":["Block Potion"]}],"circlet_count":0,"master_deck":["AscendersBane","Strike_R","Strike_R","Strike_R","Strike_R","Defend_R","Defend_R","Defend_R","Defend_R","Seeing Red+1","Power Through","Hemokinesis+1","Burning Pact","Havoc+1","Fiend Fire+1","Burning Pact","Bloodletting","Pummel+1","Battle Trance","Inflame+1","Shockwave+1","Inflame","Armaments+1","Power Through","Evolve","Exhume","CurseOfTheBell","Warcry+1","Warcry+1","Limit Break","Sword Boomerang","Master of Strategy","Dark Shackles","Jack Of All Trades","Shockwave","Power Through"],"potion_use_per_floor":[[],[],[],[],[],[],["AttackPotion"],[],[],[],[],[],[],[],[],[],[],["Energy Potion"],[],[],["Block Potion"],[],[],[],["HeartOfIron"],[],[],[],[],[],[],[],["Regen Potion"],[],[],[],[],[],[],[],[],[],[],[],[],["Fire Potion"],[],[],[],[],[],[],[],[],[],["Swift Potion","DuplicationPotion","Energy Potion","EntropicBrew","Strength Potion","BlessingOfTheForge","Weak Potion","ElixirPotion"],[]],"relics":["Burning Blood","Dead Branch","Bottled Flame","Potion Belt","InkBottle","Philosopher\u0027s Stone","Orrery","Self Forming Clay","War Paint","Red Mask","Bag of Preparation","Boot","Calling Bell","Vajra","StrikeDummy","CaptainsWheel","Juzu Bracelet","Mercury Hourglass","CeramicFish","Shovel","Omamori","Akabeko","Bottled Lightning","Lizard Tail","Sundial"],"potions_floor_usage":[7,18,21,25,33,46,56,56,56,56,56,56,56,56],"damage_taken":[{"damage":9,"enemies":"Jaw Worm","floor":1,"turns":4},{"damage":6,"enemies":"2 Louse","floor":2,"turns":2},{"damage":2,"enemies":"Small Slimes","floor":4,"turns":3},{"damage":2,"enemies":"3 Louse","floor":5,"turns":4},{"damage":7,"enemies":"Lagavulin","floor":7,"turns":5},{"damage":9,"enemies":"3 Sentries","floor":10,"turns":6},{"damage":4,"enemies":"Large Slime","floor":11,"turns":4},{"damage":3,"enemies":"2 Fungi Beasts","floor":13,"turns":3},{"damage":2,"enemies":"Lots of Slimes","floor":14,"turns":8},{"damage":45,"enemies":"The Guardian","floor":16,"turns":15},{"damage":9,"enemies":"2 Thieves","floor":18,"turns":3},{"damage":16,"enemies":"3 Byrds","floor":20,"turns":6},{"damage":7,"enemies":"Sentry and Sphere","floor":21,"turns":4},{"damage":15,"enemies":"Shelled Parasite and Fungi","floor":22,"turns":4},{"damage":10,"enemies":"Gremlin Leader","floor":24,"turns":4},{"damage":19,"enemies":"Centurion and Healer","floor":25,"turns":5},{"damage":9,"enemies":"Masked Bandits","floor":27,"turns":3},{"damage":0,"enemies":"Cultist and Chosen","floor":30,"turns":4},{"damage":7,"enemies":"Book of Stabbing","floor":31,"turns":3},{"damage":6,"enemies":"Champ","floor":33,"turns":5},{"damage":0,"enemies":"3 Shapes","floor":35,"turns":3},{"damage":0,"enemies":"Orb Walker","floor":38,"turns":3},{"damage":4,"enemies":"Giant Head","floor":40,"turns":4},{"damage":2,"enemies":"4 Shapes","floor":41,"turns":5},{"damage":9,"enemies":"Reptomancer","floor":42,"turns":1},{"damage":6,"enemies":"Nemesis","floor":45,"turns":3},{"damage":9,"enemies":"2 Orb Walkers","floor":46,"turns":4},{"damage":2,"enemies":"Reptomancer","floor":48,"turns":2},{"damage":0,"enemies":"Awakened One","floor":50,"turns":4},{"damage":35,"enemies":"Time Eater","floor":51,"turns":6},{"damage":6,"enemies":"Shield and Spear","floor":55,"turns":2},{"damage":34,"enemies":"The Heart","floor":56,"turns":9}],"seed_played":"3458956938906091019","neow_bonus_log":{"cardsObtained":[],"cardsUpgraded":[],"cardsRemoved":[],"cardsTransformed":[],"relicsObtained":["Dead Branch"],"maxHpGained":0,"goldGained":0,"damageTaken":0,"goldLost":99,"maxHpLost":0},"potions_obtained":[{"floor":1,"key":"Fire Potion"},{"floor":4,"key":"AttackPotion"},{"floor":10,"key":"Energy Potion"},{"floor":11,"key":"Swift Potion"},{"floor":13,"key":"Explosive Potion"},{"floor":18,"key":"Block Potion"},{"floor":20,"key":"HeartOfIron"},{"floor":27,"key":"Swift Potion"},{"floor":31,"key":"Regen Potion"},{"floor":33,"key":"Explosive Potion"},{"floor":38,"key":"Energy Potion"},{"floor":40,"key":"FearPotion"},{"floor":46,"key":"Block Potion"},{"floor":48,"key":"SneckoOil"}],"is_trial":false,"path_per_floor":["M","M","?","M","M","R","E","R","T","E","M","?","M","M","R","B",null,"M","$","M","M","M","R","E","M","T","?","R","T","M","E","R","B",null,"M","?","?","M","?","E","M","E","T","R","E","?","?","E","R","B","B",null,"R","$","E","B",null],"character_chosen":"IRONCLAD","items_purchased":["Orrery","Inflame","Lizard Tail","EntropicBrew","Shockwave","DuplicationPotion"],"campfire_rested":1,"item_purchase_floors":[19,19,54,54,54,54],"current_hp_per_floor":[65,65,70,74,78,78,77,77,77,74,76,76,79,80,80,41,70,67,67,57,56,47,47,43,30,30,27,51,51,57,56,56,68,77,80,80,76,76,76,76,76,73,73,73,73,70,60,64,64,70,41,67,67,67,67,39],"gold":56,"neow_bonus":"ONE_RARE_RELIC","is_prod":false,"is_daily":false,"rewards_skipped":[{"floor":16,"relics":[],"potions":["Strength Potion"]}],"chose_seed":false,"campfire_upgraded":5,"win_rate":0,"floor_exit_playtime":[849,902,917,1153,1235,1248,1514,1521,1525,1708,1944,1956,2038,2225,2231,3062,3195,3328,3460,3781,3955,4382,4391,4635,4880,4909,5069,5074,5078,5209,5396,5403,5689,5733,5822,5848,5895,5992,6056,6308,6508,6694,6733,6738,6941,7160,7273,7470,7475,7769,8057,8070,8099,8389,8565,9096],"timestamp":1654834162,"blue_key_relic_skipped_log":{"floor":43,"relicID":"Orichalcum"},"path_taken":["M","M","?","?","?","R","E","R","T","E","M","?","M","M","R","BOSS","M","$","?","M","M","R","E","M","T","?","R","?","?","E","R","BOSS","M","?","?","M","?","E","M","E","T","R","E","?","?","E","R","BOSS","BOSS","R","$","E","BOSS"],"build_version":"2022-03-07","purchased_purges":0,"victory":true,"max_hp_per_floor":[75,75,80,80,80,80,80,80,80,80,80,80,80,80,80,80,80,80,80,80,80,80,80,80,80,80,80,80,80,80,80,80,80,80,80,80,76,76,76,76,76,76,76,76,76,76,76,76,76,76,76,76,76,76,76,76],"relic_stats":{"counters":[32,141],"Self Forming Clay":[135],"Dead Branch":[478],"CeramicFish":63,"Bag of Preparation":[30],"Juzu Bracelet":2,"Omamori":0,"War Paint":["Shockwave","Armaments"],"Boot":[28],"Burning Blood":174,"Mercury Hourglass":[124],"Bottled Flame":"Hemokinesis","Lizard Tail":0,"Shovel":2,"Sundial":[0],"Bottled Lightning":"Master of Strategy","obtain_stats":[{"CeramicFish":45,"Vajra":34,"Bag of Preparation":29,"Juzu Bracelet":40,"Boot":31,"Burning Blood":0,"Lizard Tail":54,"Shovel":46,"Sundial":55,"Philosopher\u0027s Stone":17,"Red Mask":27,"InkBottle":10,"Potion Belt":9,"Self Forming Clay":24,"Dead Branch":0,"Omamori":48,"War Paint":26,"Akabeko":49,"Mercury Hourglass":42,"Calling Bell":34,"Bottled Flame":7,"CaptainsWheel":34,"Orrery":19,"Bottled Lightning":53,"StrikeDummy":34},{"CeramicFish":26,"Vajra":20,"Bag of Preparation":17,"Juzu Bracelet":23,"Boot":19,"Burning Blood":0,"Lizard Tail":30,"Shovel":27,"Sundial":31,"Philosopher\u0027s Stone":10,"Red Mask":17,"InkBottle":6,"Potion Belt":5,"Self Forming Clay":15,"Dead Branch":0,"Omamori":28,"War Paint":16,"Akabeko":28,"Mercury Hourglass":25,"Calling Bell":20,"Bottled Flame":5,"CaptainsWheel":20,"Orrery":11,"Bottled Lightning":30,"StrikeDummy":20},{"CeramicFish":114,"Vajra":95,"Bag of Preparation":83,"Juzu Bracelet":105,"Boot":90,"Burning Blood":0,"Lizard Tail":130,"Shovel":118,"Sundial":132,"Philosopher\u0027s Stone":54,"Red Mask":83,"InkBottle":24,"Potion Belt":18,"Self Forming Clay":75,"Dead Branch":0,"Omamori":120,"War Paint":80,"Akabeko":120,"Mercury Hourglass":111,"Calling Bell":95,"Bottled Flame":18,"CaptainsWheel":95,"Orrery":57,"Bottled Lightning":130,"StrikeDummy":95}],"InkBottle":[56]},"card_choices":[{"not_picked":["Warcry","Heavy Blade"],"picked":"Seeing Red","floor":1},{"not_picked":["Searing Blow","Evolve"],"picked":"Power Through","floor":2},{"not_picked":["Evolve","Iron Wave"],"picked":"Hemokinesis","floor":4},{"not_picked":["Power Through","Rage","Thunderclap"],"picked":"SKIP","floor":5},{"not_picked":["Sword Boomerang","Infernal Blade","Sentinel"],"picked":"SKIP","floor":7},{"not_picked":["Anger","Hemokinesis","Twin Strike"],"picked":"SKIP","floor":10},{"not_picked":["Headbutt","Armaments"],"picked":"Burning Pact","floor":11},{"not_picked":["Heavy Blade","Headbutt"],"picked":"Havoc","floor":13},{"not_picked":["Combust","Bludgeon","Iron Wave"],"picked":"SKIP","floor":14},{"not_picked":["Demon Form","Exhume"],"picked":"Fiend Fire","floor":16},{"not_picked":["Headbutt","Bloodletting"],"picked":"Burning Pact","floor":18},{"not_picked":["Sword Boomerang","Clothesline"],"picked":"Bloodletting","floor":19},{"not_picked":["Shrug It Off","Thunderclap"],"picked":"Pummel+1","floor":19},{"not_picked":["Pommel Strike","Cleave"],"picked":"Battle Trance","floor":19},{"not_picked":["Sword Boomerang","Clash","Body Slam"],"picked":"SKIP","floor":19},{"not_picked":["Berserk","Headbutt","Infernal Blade"],"picked":"SKIP","floor":19},{"not_picked":["Heavy Blade","Flex","Hemokinesis"],"picked":"SKIP","floor":20},{"not_picked":["Uppercut","Twin Strike"],"picked":"Shockwave","floor":21},{"not_picked":["Flex+1","Heavy Blade"],"picked":"Inflame","floor":22},{"not_picked":["Pommel Strike","Bludgeon","Havoc"],"picked":"SKIP","floor":24},{"not_picked":["Anger","Headbutt"],"picked":"Armaments","floor":25},{"not_picked":["Rage","Carnage"],"picked":"Power Through","floor":27},{"not_picked":["Combust","Heavy Blade"],"picked":"Evolve","floor":30},{"not_picked":["Bloodletting","Entrench","Carnage"],"picked":"SKIP","floor":31},{"not_picked":["Juggernaut","Double Tap"],"picked":"Exhume","floor":33},{"not_picked":["Heavy Blade","Searing Blow"],"picked":"Warcry+1","floor":35},{"not_picked":["Armaments","Iron Wave"],"picked":"Warcry+1","floor":38},{"not_picked":["Hemokinesis","Wild Strike","Blood for Blood"],"picked":"SKIP","floor":40},{"not_picked":["Clash","Body Slam","Dropkick"],"picked":"SKIP","floor":41},{"not_picked":["Clash","Body Slam","Dropkick"],"picked":"SKIP","floor":41},{"not_picked":["Headbutt","Heavy Blade","Flame Barrier"],"picked":"SKIP","floor":42},{"not_picked":["Anger+1","Warcry"],"picked":"Limit Break","floor":45},{"not_picked":["Thunderclap","Wild Strike+1"],"picked":"Sword Boomerang","floor":46},{"not_picked":["Enlightenment","Flash of Steel"],"picked":"Master of Strategy","floor":47},{"not_picked":["Mind Blast","Master of Strategy"],"picked":"Dark Shackles","floor":47},{"not_picked":["Panacea","Sadistic Nature"],"picked":"Jack Of All Trades","floor":47},{"not_picked":["Heavy Blade","Twin Strike","True Grit"],"picked":"SKIP","floor":48},{"not_picked":["Shrug It Off","Metallicize"],"picked":"Power Through","floor":55}],"player_experience":12956950,"relics_obtained":[{"floor":7,"key":"Bottled Flame"},{"floor":9,"key":"Potion Belt"},{"floor":10,"key":"InkBottle"},{"floor":24,"key":"Self Forming Clay"},{"floor":26,"key":"War Paint"},{"floor":27,"key":"Red Mask"},{"floor":29,"key":"Bag of Preparation"},{"floor":31,"key":"Boot"},{"floor":34,"key":"Vajra"},{"floor":34,"key":"StrikeDummy"},{"floor":34,"key":"CaptainsWheel"},{"floor":40,"key":"Juzu Bracelet"},{"floor":42,"key":"Mercury Hourglass"},{"floor":45,"key":"CeramicFish"},{"floor":46,"key":"Shovel"},{"floor":48,"key":"Omamori"},{"floor":49,"key":"Akabeko"},{"floor":53,"key":"Bottled Lightning"},{"floor":55,"key":"Sundial"}],"event_choices":[{"damage_healed":0,"gold_gain":0,"player_choice":"Donut","damage_taken":0,"max_hp_gain":5,"max_hp_loss":0,"event_name":"Big Fish","floor":3,"gold_loss":0},{"cards_removed":["Strike_R"],"damage_healed":0,"gold_gain":0,"player_choice":"Card Removal","damage_taken":0,"max_hp_gain":0,"max_hp_loss":0,"event_name":"The Cleric","floor":12,"gold_loss":75},{"damage_healed":0,"gold_gain":0,"player_choice":"Fought Bandits","damage_taken":0,"max_hp_gain":0,"max_hp_loss":0,"event_name":"Masked Bandits","floor":27,"gold_loss":0},{"cards_removed":["Bash"],"damage_healed":0,"gold_gain":0,"player_choice":"Removed Attack","damage_taken":0,"max_hp_gain":0,"max_hp_loss":0,"event_name":"Falling","floor":36,"gold_loss":0},{"damage_healed":0,"gold_gain":0,"player_choice":"Max HP","damage_taken":0,"max_hp_gain":0,"max_hp_loss":4,"event_name":"Winding Halls","floor":37,"gold_loss":0},{"damage_healed":0,"gold_gain":0,"player_choice":"Ignored","damage_taken":0,"max_hp_gain":0,"max_hp_loss":0,"event_name":"SecretPortal","floor":39,"gold_loss":0},{"damage_healed":0,"gold_gain":0,"player_choice":"Fight","damage_taken":0,"max_hp_gain":0,"max_hp_loss":0,"event_name":"Mysterious Sphere","floor":46,"gold_loss":0},{"damage_healed":0,"gold_gain":0,"player_choice":"Memory 3","damage_taken":10,"max_hp_gain":0,"max_hp_loss":0,"event_name":"SensoryStone","floor":47,"gold_loss":0}],"is_beta":false,"boss_relics":[{"not_picked":["Sozu","Runic Pyramid"],"picked":"Philosopher\u0027s Stone"},{"not_picked":["Empty Cage","Black Blood"],"picked":"Calling Bell"}],"items_purged_floors":[],"is_endless":false,"potions_floor_spawned":[1,4,10,11,13,16,18,20,27,31,33,38,40,46,48],"ascension_level":20,"potion_discard_per_floor":[[],[],[],[],[],[],[],[],[],[],[],[],[],[],[],[],[],[],[],["Swift Potion"],[],[],[],[],[],[],[],[],[],[],[],[],[],[],[],[],[],["Explosive Potion"],[],["Explosive Potion"],[],[],[],[],[],[],[],["FearPotion"],[],[],[],[],[],["Block Potion","SneckoOil"],[],[],[]]}