{"neow_bonuses_skipped_log":["THREE_CARDS","TRANSFORM_TWO_CARDS","BOSS_RELIC"],"neow_costs_skipped_log":["NONE","CURSE","NONE"],"gold_per_floor":[116,116,116,116,63,90,15,30,30,59,59,59,1,30,30,105,105,116,131,131,142,142],"floor_reached":22,"playtime":2712,"items_purged":["Defend_R"],"score":450,"play_id":"234199da-5102-491a-9403-ec916a24db83","local_time":"20220603132346","is_ascension_mode":true,"campfire_choices":[{"data":"Uppercut","floor":12,"key":"SMITH"},{"data":"Armaments","floor":15,"key":"SMITH"}],"neow_cost":"NONE","seed_source_timestamp":1744167989101500,"shop_contents":[{"floor":3,"relics":["Potion Belt","Mummified Hand","Sling"],"cards":["Pommel Strike","Searing Blow","True Grit","Flex","Metallicize","Enlightenment","The Bomb"],"potions":["Ancient Potion","CultistPotion","Strength Potion"]},{"floor":5,"relics":["StrikeDummy","Boot","Toolbox"],"cards":["Wild Strike","Body Slam","Infernal Blade","Limit Break","Feel No Pain","Good Instincts","Mayhem"],"potions":["SteroidPotion","SneckoOil"]},{"floor":7,"relics":["Blood Vial","Mango","Brimstone"],"cards":["Iron Wave","Cleave","Impervious","Armaments","Evolve","Enlightenment","Panache"],"potions":["Energy Potion","GamblersBrew","SpeedPotion"]},{"floor":13,"relics":["Paper Frog","Nunchaku","Chemical X"],"cards":["Clothesline","Warcry","Havoc","Feel No Pain","Forethought","Metamorphosis"],"potions":["EssenceOfSteel","DuplicationPotion","GamblersBrew"]}],"circlet_count":0,"master_deck":["AscendersBane","Strike_R","Strike_R","Strike_R","Strike_R","Strike_R","Defend_R","Defend_R","Defend_R","Bash","Armaments+1","Uppercut+1","Clothesline","Anger","Impervious","Headbutt","Anger","Immolate","Shrug It Off","True Grit","Corruption","Thunderclap"],"potion_use_per_floor":[[],[],[],[],[],[],[],[],[],[],[],[],[],["Fire Potion"],[],["FearPotion","EntropicBrew","AttackPotion"],[],["PowerPotion"],["SpeedPotion"],[],[],[]],"relics":["Burning Blood","NeowsBlessing","Prayer Wheel","Gremlin Horn","Pantograph","Regal Pillow","Ancient Tea Set","Runic Pyramid"],"potions_floor_usage":[14,16,16,16,18,19],"damage_taken":[{"damage":0,"enemies":"Small Slimes","floor":1,"turns":1},{"damage":0,"enemies":"3 Sentries","floor":6,"turns":2},{"damage":0,"enemies":"Jaw Worm","floor":8,"turns":1},{"damage":38,"enemies":"Lagavulin","floor":10,"turns":6},{"damage":8,"enemies":"Gremlin Nob","floor":14,"turns":3},{"damage":49,"enemies":"Hexaghost","floor":16,"turns":10},{"damage":21,"enemies":"Shell Parasite","floor":18,"turns":5},{"damage":9,"enemies":"2 Thieves","floor":19,"turns":5},{"damage":20,"enemies":"Shelled Parasite and Fungi","floor":21,"turns":5},{"damage":18,"enemies":"Centurion and Healer","floor":22,"turns":3}],"seed_played":"-6024847518591919264","neow_bonus_log":{"cardsObtained":[],"cardsUpgraded":[],"cardsRemoved":[],"cardsTransformed":[],"relicsObtained":["NeowsBlessing"],"maxHpGained":0,"goldGained":0,"damageTaken":0,"goldLost":0,"maxHpLost":0},"potions_obtained":[{"floor":10,"key":"EntropicBrew"},{"floor":14,"key":"FearPotion"},{"floor":16,"key":"PowerPotion"}],"is_trial":false,"path_per_floor":["M","?","$","?","$","E","$","M","T","E","?","R","$","E","R","B",null,"M","M","?","M","M"],"character_chosen":"IRONCLAD","items_purchased":["Fire Potion","Headbutt"],"campfire_rested":0,"item_purchase_floors":[5,13],"current_hp_per_floor":[74,48,48,53,53,59,59,65,65,33,33,33,33,31,31,13,63,48,45,22,8,0],"gold":142,"neow_bonus":"THREE_ENEMY_KILL","is_prod":false,"is_daily":false,"rewards_skipped":[],"chose_seed":false,"campfire_upgraded":2,"win_rate":0,"floor_exit_playtime":[700,750,858,894,941,980,1025,1098,1105,1349,1438,1446,1460,1523,1534,1797,1951,2148,2336,2357,2485],"timestamp":1654277026,"path_taken":["M","?","$","?","?","E","$","M","T","E","?","R","?","E","R","BOSS","M","M","?","M","M"],"build_version":"2022-03-07","purchased_purges":1,"victory":false,"max_hp_per_floor":[75,75,75,80,80,80,80,80,80,80,80,80,80,80,80,80,80,80,80,85,85,85],"relic_stats":{"Regal Pillow":0,"Gremlin Horn":[2,2],"counters":[10,41],"Pantograph":25,"Prayer Wheel":4,"Ancient Tea Set":[2],"obtain_stats":[{"Regal Pillow":10,"NeowsBlessing":0,"Gremlin Horn":6,"Pantograph":9,"Prayer Wheel":2,"Ancient Tea Set":14,"Burning Blood":0,"Runic Pyramid":17},{"Regal Pillow":4,"NeowsBlessing":0,"Gremlin Horn":2,"Pantograph":3,"Prayer Wheel":1,"Ancient Tea Set":5,"Burning Blood":0,"Runic Pyramid":6},{"Regal Pillow":10,"NeowsBlessing":0,"Gremlin Horn":3,"Pantograph":4,"Prayer Wheel":1,"Ancient Tea Set":13,"Burning Blood":0,"Runic Pyramid":23}],"Burning Blood":54},"card_choices":[{"not_picked":["Perfected Strike","Rupture"],"picked":"Armaments","floor":1},{"not_picked":["Exhume","Wild Strike"],"picked":"Uppercut","floor":6},{"not_picked":["Sentinel","Combust"],"picked":"Clothesline","floor":8},{"not_picked":["Perfected Strike","Ghostly Armor"],"picked":"Anger","floor":8},{"not_picked":["Thunderclap","Metallicize"],"picked":"Impervious","floor":10},{"not_picked":["Headbutt","Wild Strike"],"picked":"Anger","floor":14},{"not_picked":["Double Tap","Juggernaut"],"picked":"Immolate","floor":16},{"not_picked":["Anger","Heavy Blade"],"picked":"Shrug It Off","floor":18},{"not_picked":["Cleave","Anger","Sever Soul+1"],"picked":"SKIP","floor":18},{"not_picked":["Metallicize","Anger"],"picked":"True Grit","floor":19},{"not_picked":["Clash","Wild Strike","Burning Pact"],"picked":"SKIP","floor":19},{"not_picked":["Wild Strike","Shrug It Off"],"picked":"Corruption","floor":21},{"not_picked":["Clash","Headbutt"],"picked":"Thunderclap","floor":21}],"player_experience":7067284,"relics_obtained":[{"floor":6,"key":"Gremlin Horn"},{"floor":9,"key":"Pantograph"},{"floor":10,"key":"Regal Pillow"},{"floor":14,"key":"Ancient Tea Set"}],"event_choices":[{"damage_healed":0,"gold_gain":0,"player_choice":"Success","damage_taken":26,"relics_obtained":["Prayer Wheel"],"max_hp_gain":0,"max_hp_loss":0,"event_name":"Scrap Ooze","floor":2,"gold_loss":0},{"damage_healed":0,"gold_gain":0,"player_choice":"Donut","damage_taken":0,"max_hp_gain":5,"max_hp_loss":0,"event_name":"Big Fish","floor":4,"gold_loss":0},{"damage_healed":0,"gold_gain":0,"player_choice":"Leave","damage_taken":0,"max_hp_gain":0,"max_hp_loss":0,"event_name":"The Cleric","floor":11,"gold_loss":0},{"damage_healed":0,"gold_gain":0,"player_choice":"Shed Blood","damage_taken":28,"max_hp_gain":5,"max_hp_loss":0,"event_name":"Forgotten Altar","floor":20,"gold_loss":0}],"is_beta":false,"boss_relics":[{"not_picked":["Tiny House","Velvet Choker"],"picked":"Runic Pyramid"}],"items_purged_floors":[7],"is_endless":false,"potions_floor_spawned":[10,14,16],"killed_by":"Centurion and Healer","ascension_level":20,"potion_discard_per_floor":[[],[],[],[],[],[],[],[],[],[],[],[],[],[],[],[],[],[],[],[],[],[]]}