{"neow_bonuses_skipped_log":["UPGRADE_CARD","HUNDRED_GOLD","BOSS_RELIC"],"neow_costs_skipped_log":["NONE","NONE","NONE"],"gold_per_floor":[114,125,138,213,226,226,269,269,292,320,330,330,347,347],"floor_reached":14,"playtime":875,"items_purged":[],"score":188,"play_id":"507bb1d4-f290-4a4c-9f8b-04489119abba","local_time":"20220607140323","is_ascension_mode":true,"campfire_choices":[{"data":"Perfected Strike","floor":6,"key":"SMITH"},{"data":"Transmutation","floor":8,"key":"SMITH"},{"floor":12,"key":"REST"}],"neow_cost":"TEN_PERCENT_HP_LOSS","seed_source_timestamp":2093982404608800,"shop_contents":[],"circlet_count":0,"master_deck":["AscendersBane","Strike_R","Strike_R","Strike_R","Strike_R","Strike_R","Defend_R","Defend_R","Defend_R","Defend_R","Bash","Transmutation+1","Perfected Strike+1","Pommel Strike","Perfected Strike","Pommel Strike"],"potion_use_per_floor":[[],[],[],[],[],[],["Swift Potion"],[],[],[],["Energy Potion"],[],[],["Swift Potion"]],"relics":["Burning Blood","CeramicFish","Bag of Preparation"],"potions_floor_usage":[7,11,14],"damage_taken":[{"damage":6,"enemies":"Small Slimes","floor":1,"turns":4},{"damage":7,"enemies":"Jaw Worm","floor":2,"turns":3},{"damage":6,"enemies":"2 Louse","floor":3,"turns":2},{"damage":8,"enemies":"2 Fungi Beasts","floor":5,"turns":4},{"damage":32,"enemies":"Gremlin Nob","floor":7,"turns":4},{"damage":8,"enemies":"3 Louse","floor":10,"turns":4},{"damage":24,"enemies":"Gremlin Gang","floor":11,"turns":5},{"damage":18,"enemies":"Exordium Wildlife","floor":13,"turns":3},{"damage":20,"enemies":"3 Sentries","floor":14,"turns":3}],"seed_played":"-4624871516062233479","neow_bonus_log":{"cardsObtained":[],"cardsUpgraded":[],"cardsRemoved":[],"cardsTransformed":[],"relicsObtained":[],"maxHpGained":0,"goldGained":0,"damageTaken":0,"goldLost":0,"maxHpLost":7},"potions_obtained":[{"floor":3,"key":"Swift Potion"},{"floor":5,"key":"Swift Potion"},{"floor":10,"key":"Energy Potion"},{"floor":13,"key":"GamblersBrew"}],"is_trial":false,"path_per_floor":["M","M","M","?","M","R","E","R","T","M","M","R","M","E"],"character_chosen":"IRONCLAD","items_purchased":[],"campfire_rested":1,"item_purchase_floors":[],"current_hp_per_floor":[68,67,67,56,54,54,28,28,28,26,8,28,16,0],"gold":347,"neow_bonus":"RANDOM_COLORLESS_2","is_prod":false,"is_daily":false,"rewards_skipped":[],"chose_seed":false,"campfire_upgraded":2,"win_rate":0,"floor_exit_playtime":[175,231,269,277,416,423,500,511,517,581,732,735,801],"timestamp":1654625003,"path_taken":["M","M","M","?","M","R","E","R","T","M","M","R","M","E"],"build_version":"2022-03-07","purchased_purges":0,"victory":false,"max_hp_per_floor":[68,68,68,68,68,68,68,68,68,68,68,68,68,68],"relic_stats":{"counters":[9,32],"CeramicFish":18,"Bag of Preparation":[8],"obtain_stats":[{"CeramicFish":7,"Bag of Preparation":9,"Burning Blood":0},{"CeramicFish":5,"Bag of Preparation":5,"Burning Blood":0},{"CeramicFish":17,"Bag of Preparation":17,"Burning Blood":0}],"Burning Blood":48},"card_choices":[{"not_picked":["Thinking Ahead","Secret Technique"],"picked":"Transmutation","floor":0},{"not_picked":["Clothesline","Havoc"],"picked":"Perfected Strike","floor":1},{"not_picked":["Thunderclap","Shrug It Off"],"picked":"Pommel Strike","floor":2},{"not_picked":["Flex","Blood for Blood","Heavy Blade"],"picked":"SKIP","floor":3},{"not_picked":["Iron Wave","Clash","Heavy Blade"],"picked":"SKIP","floor":5},{"not_picked":["Iron Wave","Clash","Heavy Blade"],"picked":"SKIP","floor":5},{"not_picked":["Intimidate","Thunderclap"],"picked":"Perfected Strike","floor":7},{"not_picked":["Second Wind","Feel No Pain"],"picked":"Pommel Strike","floor":10},{"not_picked":["Sword Boomerang","Searing Blow","Juggernaut"],"picked":"SKIP","floor":11}],"player_experience":7093582,"relics_obtained":[{"floor":7,"key":"CeramicFish"},{"floor":9,"key":"Bag of Preparation"}],"event_choices":[{"damage_healed":0,"gold_gain":75,"player_choice":"Gather Gold","damage_taken":11,"max_hp_gain":0,"max_hp_loss":0,"event_name":"World of Goop","floor":4,"gold_loss":0}],"is_beta":false,"boss_relics":[],"items_purged_floors":[],"is_endless":false,"potions_floor_spawned":[3,5,10,13],"killed_by":"3 Sentries","ascension_level":20,"potion_discard_per_floor":[[],[],[],[],[],[],[],[],[],[],[],[],[],[]]}