{"neow_bonuses_skipped_log":["REMOVE_CARD","THREE_ENEMY_KILL","BOSS_RELIC"],"neow_costs_skipped_log":["NONE","NONE","NONE"],"gold_per_floor":[157,157,191,247,247,247,3,3,27,102,161,235,235,319,319,435,435,478,552,552,19,19,39,39,100,100,100,100,165,165,206,206,326,326,372,466,554,554,649,707,707,768,768,792,877,933,933,374,374,449,499,499,499,37,73,98],"floor_reached":57,"playtime":4756,"items_purged":["Strike_R","Strike_R","Bash"],"score":3391,"play_id":"9d64e7a9-1718-42e9-8267-c33878b9c6c7","local_time":"20220609193756","is_ascension_mode":true,"campfire_choices":[{"data":"HandOfGreed","floor":6,"key":"SMITH"},{"data":"Armaments","floor":8,"key":"SMITH"},{"data":"Offering","floor":13,"key":"SMITH"},{"data":"Battle Trance","floor":15,"key":"SMITH"},{"floor":24,"key":"REST"},{"data":"Fiend Fire","floor":28,"key":"SMITH"},{"data":"Barricade","floor":32,"key":"SMITH"},{"floor":41,"key":"RECALL"},{"data":"True Grit","floor":47,"key":"SMITH"},{"data":"Dark Embrace","floor":49,"key":"SMITH"},{"data":"Body Slam","floor":53,"key":"SMITH"}],"neow_cost":"TEN_PERCENT_HP_LOSS","seed_source_timestamp":2282949499117700,"shop_contents":[{"floor":7,"relics":["Magic Flower","Dream Catcher","Orrery"],"cards":["Carnage","Bloodletting","Combust","Bandage Up","Master of Strategy"],"potions":["LiquidMemories","SpeedPotion","ElixirPotion"]},{"floor":21,"relics":["Unceasing Top"],"cards":["Sword Boomerang","Body Slam","Shrug It Off+1","Spot Weakness+1","Inflame","Jack Of All Trades+1","Metamorphosis+1"],"potions":["Ancient Potion","SpeedPotion","ElixirPotion"]},{"floor":27,"relics":["Kunai","Oddly Smooth Stone","Sling"],"cards":["Anger","Blood for Blood","Offering+1","Infernal Blade+1","Combust","Madness+1","The Bomb+1"],"potions":["Explosive Potion","Strength Potion","FearPotion"]},{"floor":48,"relics":["Akabeko","Chemical X"],"cards":["Feed","Sever Soul","Burning Pact+1","Dual Wield+1","Enlightenment+1"],"potions":["LiquidBronze","LiquidMemories","Regen Potion"]},{"floor":54,"relics":["White Beast Statue"],"cards":["Rampage","Anger","True Grit+1","Flame Barrier+1","Blind+1","Apotheosis+1"],"potions":["Explosive Potion","ColorlessPotion"]}],"circlet_count":0,"master_deck":["AscendersBane","Defend_R","Defend_R","Defend_R","Defend_R","HandOfGreed+1","True Grit+1","Armaments+1","Offering+1","Uppercut","Shrug It Off","Shrug It Off","Fiend Fire+1","Battle Trance+1","Berserk+1","Shrug It Off","Body Slam+1","Intimidate+1","Barricade+1","Entrench+1","Impervious+1","Impatience+1","Thinking Ahead+1","Dark Shackles+1","Second Wind+1","Entrench+1","Burning Pact+1","Entrench+1","Dark Embrace+1","Master of Strategy+1","Feel No Pain"],"potion_use_per_floor":[[],[],[],[],[],[],[],[],[],[],["PowerPotion"],[],[],[],[],[],[],["Energy Potion"],[],[],[],[],["Swift Potion"],[],[],[],[],[],[],[],[],[],[],[],[],[],[],[],[],["PowerPotion"],[],[],[],[],[],[],[],[],[],[],[],[],[],[],[],["PowerPotion","EntropicBrew"],[]],"relics":["Burning Blood","Golden Idol","Ancient Tea Set","Ornamental Fan","Art of War","Empty Cage","Enchiridion","TheAbacus","Toxic Egg 2","Ice Cream","Pantograph","Mark of Pain","Incense Burner","Bag of Marbles","Pocketwatch","Champion Belt","Centennial Puzzle","Bag of Preparation","Lee\u0027s Waffle","Strawberry"],"potions_floor_usage":[11,18,23,40,56,56],"damage_taken":[{"damage":1,"enemies":"2 Louse","floor":1,"turns":4},{"damage":2,"enemies":"Jaw Worm","floor":3,"turns":4},{"damage":4,"enemies":"Small Slimes","floor":4,"turns":6},{"damage":6,"enemies":"Exordium Thugs","floor":10,"turns":5},{"damage":6,"enemies":"Lagavulin","floor":11,"turns":7},{"damage":10,"enemies":"Large Slime","floor":12,"turns":5},{"damage":16,"enemies":"3 Sentries","floor":14,"turns":4},{"damage":15,"enemies":"The Guardian","floor":16,"turns":10},{"damage":6,"enemies":"2 Thieves","floor":18,"turns":4},{"damage":7,"enemies":"3 Byrds","floor":19,"turns":4},{"damage":12,"enemies":"Shelled Parasite and Fungi","floor":23,"turns":10},{"damage":6,"enemies":"Book of Stabbing","floor":25,"turns":3},{"damage":6,"enemies":"Gremlin Leader","floor":29,"turns":7},{"damage":6,"enemies":"Chosen and Byrds","floor":31,"turns":5},{"damage":6,"enemies":"Automaton","floor":33,"turns":8},{"damage":9,"enemies":"Orb Walker","floor":35,"turns":5},{"damage":6,"enemies":"3 Shapes","floor":36,"turns":7},{"damage":6,"enemies":"Jaw Worm Horde","floor":37,"turns":7},{"damage":6,"enemies":"Sphere and 2 Shapes","floor":39,"turns":8},{"damage":6,"enemies":"Reptomancer","floor":40,"turns":2},{"damage":0,"enemies":"Giant Head","floor":42,"turns":8},{"damage":9,"enemies":"Transient","floor":44,"turns":6},{"damage":6,"enemies":"2 Orb Walkers","floor":45,"turns":4},{"damage":0,"enemies":"Mind Bloom Boss Battle","floor":46,"turns":5},{"damage":6,"enemies":"Awakened One","floor":50,"turns":12},{"damage":6,"enemies":"Donu and Deca","floor":51,"turns":11},{"damage":6,"enemies":"Shield and Spear","floor":55,"turns":6},{"damage":6,"enemies":"The Heart","floor":56,"turns":9}],"seed_played":"-5407308916906378683","neow_bonus_log":{"cardsObtained":[],"cardsUpgraded":[],"cardsRemoved":[],"cardsTransformed":[],"relicsObtained":[],"maxHpGained":0,"goldGained":0,"damageTaken":0,"goldLost":0,"maxHpLost":7},"potions_obtained":[{"floor":1,"key":"PowerPotion"},{"floor":4,"key":"Swift Potion"},{"floor":11,"key":"Energy Potion"},{"floor":18,"key":"EntropicBrew"},{"floor":29,"key":"SkillPotion"},{"floor":31,"key":"PowerPotion"},{"floor":45,"key":"AttackPotion"},{"floor":46,"key":"ColorlessPotion"}],"is_trial":false,"path_per_floor":["M","?","M","M","?","R","$","R","T","M","E","M","R","E","R","B",null,"M","M","?","$","?","M","R","E","T","$","R","E","?","M","R","B",null,"M","M","M","?","M","E","R","E","T","M","?","?","R","$","R","B","B",null,"R","$","E","B",null],"character_chosen":"IRONCLAD","items_purchased":["Offering","Uppercut","TheAbacus","Toxic Egg 2","Dark Embrace","Master of Strategy+1","Centennial Puzzle","Feel No Pain","Bag of Preparation","Lee\u0027s Waffle","PowerPotion"],"campfire_rested":1,"item_purchase_floors":[7,7,21,21,48,48,48,54,54,54,54],"current_hp_per_floor":[68,45,49,51,44,44,44,44,44,44,44,40,40,30,30,21,56,56,55,34,34,34,28,48,48,48,48,48,48,68,68,68,68,68,65,65,65,55,55,55,55,61,61,58,58,68,68,68,68,68,68,68,68,75,82,82],"gold":98,"neow_bonus":"RANDOM_COLORLESS_2","is_prod":false,"is_daily":false,"rewards_skipped":[{"floor":29,"relics":["Dead Branch"],"potions":[]},{"floor":33,"relics":[],"potions":["Dexterity Potion"]},{"floor":36,"relics":[],"potions":["SneckoOil"]},{"floor":39,"relics":[],"potions":["GamblersBrew"]},{"floor":55,"relics":[],"potions":["ColorlessPotion"]}],"chose_seed":false,"campfire_upgraded":9,"win_rate":0,"floor_exit_playtime":[238,257,314,428,441,449,535,550,560,636,768,861,869,958,970,1188,1278,1386,1472,1485,1555,1578,1877,1884,1950,1958,1977,1986,2189,2206,2287,2297,2478,2594,2670,2784,2902,2942,3081,3162,3171,3325,3334,3479,3589,3722,3731,3788,3796,4050,4270,4288,4297,4343,4465,4756],"timestamp":1654817876,"blue_key_relic_skipped_log":{"floor":43,"relicID":"Thread and Needle"},"path_taken":["M","?","M","M","?","R","?","R","T","M","E","M","R","E","R","BOSS","M","M","?","$","?","?","R","E","T","?","R","E","?","M","R","BOSS","M","M","M","?","M","E","R","E","T","M","?","?","R","$","R","BOSS","BOSS","R","$","E","BOSS"],"build_version":"2022-03-07","purchased_purges":3,"victory":true,"max_hp_per_floor":[68,68,68,68,68,68,68,68,68,68,68,68,68,68,68,68,68,68,68,68,68,68,68,68,68,68,68,68,68,68,68,68,68,68,68,68,68,68,68,68,68,68,68,68,68,68,68,68,68,68,68,68,68,75,82,82],"relic_stats":{"Ice Cream":[233],"Lee\u0027s Waffle":7,"counters":[28,176],"Golden Idol":214,"Bag of Preparation":[4],"Ancient Tea Set":[16],"Burning Blood":157,"Centennial Puzzle":[12],"TheAbacus":[636],"Ornamental Fan":[68],"Pantograph":10,"Art of War":[41],"Champion Belt":[19],"obtain_stats":[{"Ice Cream":25,"Lee\u0027s Waffle":54,"Golden Idol":2,"Enchiridion":20,"Incense Burner":40,"Bag of Preparation":54,"Ancient Tea Set":9,"Empty Cage":17,"Burning Blood":0,"Centennial Puzzle":48,"TheAbacus":21,"Ornamental Fan":11,"Pantograph":26,"Strawberry":55,"Mark of Pain":34,"Art of War":14,"Bag of Marbles":42,"Champion Belt":46,"Toxic Egg 2":21,"Pocketwatch":45},{"Ice Cream":12,"Lee\u0027s Waffle":26,"Golden Idol":1,"Enchiridion":10,"Incense Burner":20,"Bag of Preparation":26,"Ancient Tea Set":3,"Empty Cage":8,"Burning Blood":0,"Centennial Puzzle":24,"TheAbacus":10,"Ornamental Fan":5,"Pantograph":12,"Strawberry":27,"Mark of Pain":15,"Art of War":7,"Bag of Marbles":21,"Champion Belt":24,"Toxic Egg 2":10,"Pocketwatch":23},{"Ice Cream":66,"Lee\u0027s Waffle":161,"Golden Idol":4,"Enchiridion":53,"Incense Burner":115,"Bag of Preparation":161,"Ancient Tea Set":14,"Empty Cage":45,"Burning Blood":0,"Centennial Puzzle":138,"TheAbacus":53,"Ornamental Fan":26,"Pantograph":66,"Strawberry":167,"Mark of Pain":86,"Art of War":35,"Bag of Marbles":123,"Champion Belt":138,"Toxic Egg 2":53,"Pocketwatch":133}],"Pocketwatch":[44]},"card_choices":[{"not_picked":["Magnetism","Violence"],"picked":"HandOfGreed","floor":0},{"not_picked":["Pommel Strike","Heavy Blade"],"picked":"True Grit","floor":1},{"not_picked":["Second Wind","Clothesline"],"picked":"Armaments","floor":3},{"not_picked":["Heavy Blade","Wild Strike"],"picked":"Rampage","floor":4},{"not_picked":["Whirlwind","Thunderclap"],"picked":"Shrug It Off","floor":10},{"not_picked":["Searing Blow","Armaments"],"picked":"Shrug It Off","floor":11},{"not_picked":["Cleave","Iron Wave"],"picked":"Fiend Fire","floor":12},{"not_picked":["Clothesline","Dark Embrace"],"picked":"Battle Trance","floor":14},{"not_picked":["Limit Break","Demon Form"],"picked":"Berserk","floor":16},{"not_picked":["Hemokinesis","Spot Weakness","Flex"],"picked":"SKIP","floor":18},{"not_picked":["Bloodletting","Dropkick"],"picked":"Shrug It Off","floor":19},{"not_picked":["Shrug It Off+1","Metallicize"],"picked":"Body Slam","floor":23},{"not_picked":["Rage+1","Thunderclap"],"picked":"Intimidate+1","floor":25},{"not_picked":["Anger+1","Rage+1"],"picked":"Barricade","floor":29},{"not_picked":["True Grit+1","Rupture+1"],"picked":"Entrench+1","floor":31},{"not_picked":["Fiend Fire","Juggernaut"],"picked":"Impervious+1","floor":33},{"not_picked":["Thunderclap+1","Twin Strike","Seeing Red+1"],"picked":"SKIP","floor":35},{"not_picked":["Rupture","Iron Wave","Carnage"],"picked":"SKIP","floor":36},{"not_picked":["Wild Strike","Iron Wave","Havoc+1"],"picked":"SKIP","floor":37},{"not_picked":["Jack Of All Trades+1","Transmutation+1"],"picked":"Impatience+1","floor":38},{"not_picked":["Good Instincts+1","Sadistic Nature"],"picked":"Thinking Ahead+1","floor":38},{"not_picked":["Blind+1","Trip+1"],"picked":"Dark Shackles+1","floor":38},{"not_picked":["Uppercut","Armaments+1"],"picked":"Second Wind+1","floor":39},{"not_picked":["Pommel Strike+1","Sword Boomerang"],"picked":"Entrench+1","floor":40},{"not_picked":["Hemokinesis","Wild Strike"],"picked":"Burning Pact+1","floor":42},{"not_picked":["Anger","Iron Wave","Whirlwind"],"picked":"SKIP","floor":44},{"not_picked":["Heavy Blade","Sword Boomerang","Cleave"],"picked":"SKIP","floor":45},{"not_picked":["Infernal Blade+1","True Grit+1"],"picked":"Entrench+1","floor":46},{"not_picked":["Flex+1","Battle Trance+1","Perfected Strike"],"picked":"SKIP","floor":55}],"player_experience":7145959,"relics_obtained":[{"floor":9,"key":"Ancient Tea Set"},{"floor":11,"key":"Ornamental Fan"},{"floor":14,"key":"Art of War"},{"floor":20,"key":"Enchiridion"},{"floor":25,"key":"Ice Cream"},{"floor":26,"key":"Pantograph"},{"floor":40,"key":"Incense Burner"},{"floor":42,"key":"Bag of Marbles"},{"floor":45,"key":"Pocketwatch"},{"floor":46,"key":"Champion Belt"},{"floor":55,"key":"Strawberry"}],"event_choices":[{"damage_healed":0,"gold_gain":0,"player_choice":"Take Damage","damage_taken":23,"relics_obtained":["Golden Idol"],"max_hp_gain":0,"max_hp_loss":0,"event_name":"Golden Idol","floor":2,"gold_loss":0},{"cards_removed":["Strike_R"],"damage_healed":0,"gold_gain":0,"player_choice":"Card Removal","damage_taken":7,"max_hp_gain":0,"max_hp_loss":0,"event_name":"Golden Wing","floor":5,"gold_loss":0},{"damage_healed":0,"gold_gain":0,"player_choice":"Obtained Book","damage_taken":21,"max_hp_gain":0,"max_hp_loss":0,"event_name":"Cursed Tome","floor":20,"gold_loss":0},{"damage_healed":0,"gold_gain":0,"player_choice":"Forge","damage_taken":0,"max_hp_gain":0,"max_hp_loss":0,"event_name":"Accursed Blacksmith","floor":22,"gold_loss":0,"cards_upgraded":["Berserk"]},{"cards_removed":["Rampage"],"damage_healed":20,"gold_gain":0,"player_choice":"Offered Uncommon","damage_taken":0,"max_hp_gain":0,"max_hp_loss":0,"event_name":"Bonfire Elementals","floor":30,"gold_loss":0},{"damage_healed":0,"gold_gain":0,"player_choice":"Memory 3","damage_taken":10,"max_hp_gain":0,"max_hp_loss":0,"event_name":"SensoryStone","floor":38,"gold_loss":0},{"damage_healed":0,"gold_gain":0,"player_choice":"Fight","damage_taken":0,"max_hp_gain":0,"max_hp_loss":0,"event_name":"Mysterious Sphere","floor":45,"gold_loss":0},{"damage_healed":0,"gold_gain":0,"player_choice":"Fight","damage_taken":0,"max_hp_gain":0,"max_hp_loss":0,"event_name":"MindBloom","floor":46,"gold_loss":0}],"is_beta":false,"boss_relics":[{"not_picked":["Coffee Dripper","SacredBark"],"picked":"Empty Cage"},{"not_picked":["Astrolabe","Snecko Eye"],"picked":"Mark of Pain"}],"items_purged_floors":[7,21,48],"is_endless":false,"potions_floor_spawned":[1,4,11,18,29,31,33,36,39,45,46,55],"ascension_level":20,"potion_discard_per_floor":[[],[],[],[],[],[],[],[],[],[],[],[],[],[],[],[],[],[],[],[],[],[],[],[],[],[],[],[],[],[],["SkillPotion"],[],[],[],[],[],[],[],[],[],[],[],[],[],[],["AttackPotion"],[],[],[],[],[],[],[],["ColorlessPotion"],[],[],[]]}