{"neow_bonuses_skipped_log":["REMOVE_CARD","TEN_PERCENT_HP_BONUS","TWO_FIFTY_GOLD"],"neow_costs_skipped_log":["NONE","NONE","CURSE"],"gold_per_floor":[111,123,123,139,152,193,193,233,311,331,296,340,300],"floor_reached":13,"playtime":762,"items_purged":[],"score":210,"play_id":"a08d1c2b-791b-40fd-b4fe-5f101eb850d5","local_time":"20220603133717","is_ascension_mode":true,"campfire_choices":[{"floor":7,"key":"REST"}],"neow_cost":"NONE","seed_source_timestamp":1746930113919000,"shop_contents":[],"circlet_count":0,"master_deck":["AscendersBane","Strike_R","Strike_R","Strike_R","Strike_R","Strike_R","Defend_R","Defend_R","Defend_R","Defend_R","Bash","Flame Barrier","Dark Embrace","Cleave","Shockwave","Shrug It Off","Dropkick","Twin Strike+1","Headbutt+1"],"potion_use_per_floor":[[],[],[],[],[],[],[],["Regen Potion"],[],["DistilledChaos"],[],["LiquidBronze"],[]],"relics":["Fusion Hammer","Golden Idol","Orichalcum","TungstenRod","Molten Egg 2","CeramicFish"],"potions_floor_usage":[8,10,12],"damage_taken":[{"damage":7,"enemies":"Jaw Worm","floor":1,"turns":3},{"damage":2,"enemies":"2 Louse","floor":2,"turns":2},{"damage":3,"enemies":"Small Slimes","floor":4,"turns":3},{"damage":9,"enemies":"3 Louse","floor":5,"turns":3},{"damage":43,"enemies":"Gremlin Nob","floor":6,"turns":5},{"damage":37,"enemies":"Lagavulin","floor":8,"turns":9},{"damage":0,"enemies":"2 Fungi Beasts","floor":10,"turns":3},{"damage":15,"enemies":"Gremlin Nob","floor":12,"turns":4},{"damage":4,"enemies":"Exordium Thugs","floor":13,"turns":2}],"seed_played":"-5327075499875731312","neow_bonus_log":{"cardsObtained":[],"cardsUpgraded":[],"cardsRemoved":[],"cardsTransformed":[],"relicsObtained":["Fusion Hammer"],"maxHpGained":0,"goldGained":0,"damageTaken":0,"goldLost":0,"maxHpLost":0},"potions_obtained":[{"floor":1,"key":"Regen Potion"},{"floor":6,"key":"LiquidBronze"},{"floor":8,"key":"DistilledChaos"}],"is_trial":false,"path_per_floor":["M","M","?","M","M","E","R","E","T","M","?","E","M"],"character_chosen":"IRONCLAD","items_purchased":[],"campfire_rested":1,"item_purchase_floors":[],"current_hp_per_floor":[61,59,59,56,47,4,24,2,2,2,19,4,0],"gold":300,"neow_bonus":"BOSS_RELIC","is_prod":false,"is_daily":false,"rewards_skipped":[],"chose_seed":false,"campfire_upgraded":0,"win_rate":0,"floor_exit_playtime":[95,147,162,208,304,381,391,476,479,551,557,620],"timestamp":1654277837,"path_taken":["M","M","?","M","M","E","R","E","T","M","?","E","M"],"build_version":"2022-03-07","purchased_purges":0,"victory":false,"max_hp_per_floor":[75,75,68,68,68,68,68,68,68,68,68,68,68],"relic_stats":{"counters":[9,34],"Golden Idol":33,"CeramicFish":9,"Orichalcum":[60],"obtain_stats":[{"Golden Idol":3,"CeramicFish":12,"Molten Egg 2":9,"Fusion Hammer":0,"Orichalcum":6,"Burning Blood":0,"TungstenRod":8},{"Golden Idol":2,"CeramicFish":8,"Molten Egg 2":6,"Fusion Hammer":0,"Orichalcum":5,"Burning Blood":0,"TungstenRod":6},{"Golden Idol":5,"CeramicFish":32,"Molten Egg 2":25,"Fusion Hammer":0,"Orichalcum":16,"Burning Blood":0,"TungstenRod":25}],"TungstenRod":4},"card_choices":[{"not_picked":["Second Wind","Rampage"],"picked":"Flame Barrier","floor":1},{"not_picked":["Sword Boomerang","Rage"],"picked":"Dark Embrace","floor":2},{"not_picked":["Bloodletting","Clothesline"],"picked":"Cleave","floor":4},{"not_picked":["Disarm","Hemokinesis"],"picked":"Shockwave","floor":5},{"not_picked":["Perfected Strike","Clothesline"],"picked":"Shrug It Off","floor":6},{"not_picked":["Thunderclap","Corruption"],"picked":"Dropkick","floor":8},{"not_picked":["Anger+1","Warcry"],"picked":"Twin Strike+1","floor":10},{"not_picked":["Cleave+1","Armaments"],"picked":"Headbutt+1","floor":12}],"player_experience":7069996,"relics_obtained":[{"floor":6,"key":"Orichalcum"},{"floor":8,"key":"TungstenRod"},{"floor":9,"key":"Molten Egg 2"},{"floor":12,"key":"CeramicFish"}],"event_choices":[{"damage_healed":0,"gold_gain":0,"player_choice":"Lose Max HP","damage_taken":0,"relics_obtained":["Golden Idol"],"max_hp_gain":0,"max_hp_loss":7,"event_name":"Golden Idol","floor":3,"gold_loss":0},{"damage_healed":17,"gold_gain":0,"player_choice":"Healed","damage_taken":0,"max_hp_gain":0,"max_hp_loss":0,"event_name":"The Cleric","floor":11,"gold_loss":35}],"is_beta":false,"boss_relics":[],"items_purged_floors":[],"is_endless":false,"potions_floor_spawned":[1,6,8],"killed_by":"Exordium Thugs","ascension_level":20,"potion_discard_per_floor":[[],[],[],[],[],[],[],[],[],[],[],[],[]]}