{"gold_per_floor":[110,35,35,49,62,94,111,146,171,196,107,127,51,82,82,159,159,169,187,112,112,62,91,41,75,75,75,108,118,134,149,149,225,225,238,20,37,37,53,84,0,25,104,135,155,180,180,210,210,210,210,210,210,2,33,33],"floor_reached":57,"playtime":7817,"items_purged":["Strike_R","Strike_R","Shame","Strike_R","Defend_R","Bash"],"score":3526,"play_id":"0b9700cf-bcd7-4961-a7bc-964c228d4e6e","local_time":"20220601220734","falling_options_log":["Defend_R","Dark Embrace"],"is_ascension_mode":true,"campfire_choices":[{"data":"Armaments","floor":15,"key":"SMITH"},{"data":"Shockwave","floor":27,"key":"SMITH"},{"floor":32,"key":"REST"},{"floor":49,"key":"RECALL"},{"floor":53,"key":"REST"}],"neow_cost":"NONE","seed_source_timestamp":332543379561900,"shop_contents":[{"floor":11,"relics":["HornCleat","Strawberry","Lee\u0027s Waffle"],"cards":["Rampage","Sever Soul","Power Through","Fire Breathing","Deep Breath","Secret Technique"],"potions":["AttackPotion","BlessingOfTheForge","Block Potion"]},{"floor":13,"relics":["Shovel","Juzu Bracelet","DollysMirror"],"cards":["Wild Strike","Reckless Charge","Second Wind","Fire Breathing","Bandage Up","The Bomb"],"potions":["Weak Potion","DistilledChaos","Energy Potion"]},{"floor":22,"relics":["Self Forming Clay","Torii","Cauldron"],"cards":["Anger","Clash","Shockwave","Intimidate","Metallicize","Forethought","Panache"],"potions":["SteroidPotion","Fruit Juice","Ancient Potion"]},{"floor":24,"relics":["Ice Cream","Whetstone","Toolbox"],"cards":["Heavy Blade","Thunderclap","Havoc","Armaments","Dark Embrace","Mind Blast","HandOfGreed"],"potions":["BlessingOfTheForge","GamblersBrew","BlessingOfTheForge"]},{"floor":36,"relics":["Boot","Orichalcum","Frozen Eye"],"cards":["Pummel","Iron Wave","Offering","Metallicize","The Bomb"],"potions":["DistilledChaos","LiquidBronze","Energy Potion"]},{"floor":54,"relics":["Ornamental Fan","Sling"],"cards":["Headbutt","Wild Strike","Sentinel+1","Armaments+1","Berserk","Bandage Up+1","HandOfGreed"],"potions":["Block Potion","BloodPotion","FearPotion"]}],"circlet_count":0,"master_deck":["AscendersBane","Defend_R","Defend_R","Defend_R","Iron Wave","Pommel Strike","Feel No Pain","Immolate","Battle Trance","Offering","Shockwave+1","Armaments+1","Power Through","Immolate","Pommel Strike","Seeing Red","Second Wind","Body Slam","Bloodletting","Impervious","Exhume","Dark Shackles","Evolve","Apotheosis","Deep Breath","Deep Breath","Shrug It Off","Dark Embrace","Shockwave+1","Warcry+1","Fiend Fire","Offering+1","Burning Pact+1"],"potion_use_per_floor":[[],[],[],[],[],[],[],["Swift Potion"],[],[],[],[],[],[],[],["Dexterity Potion","FairyPotion"],[],[],[],[],[],[],["SteroidPotion"],[],[],[],[],["Dexterity Potion"],[],[],[],[],[],[],[],[],[],[],[],[],[],[],[],[],[],[],[],[],[],[],[],[],[],[],["Swift Potion"],["Block Potion"],[]],"relics":["Burning Blood","Smiling Mask","Oddly Smooth Stone","Lantern","Blood Vial","Philosopher\u0027s Stone","Thread and Needle","Dream Catcher","Bag of Preparation","Gremlin Horn","Regal Pillow","Fusion Hammer","WingedGreaves","Red Mask","Toxic Egg 2","Paper Frog","Potion Belt","Mercury Hourglass","FossilizedHelix","Akabeko","Unceasing Top"],"potions_floor_usage":[8,16,23,28,55,56],"damage_taken":[{"damage":7,"enemies":"Small Slimes","floor":1,"turns":3},{"damage":2,"enemies":"Jaw Worm","floor":4,"turns":4},{"damage":3,"enemies":"2 Louse","floor":5,"turns":3},{"damage":27,"enemies":"Gremlin Nob","floor":6,"turns":4},{"damage":15,"enemies":"Large Slime","floor":7,"turns":4},{"damage":9,"enemies":"3 Sentries","floor":8,"turns":5},{"damage":29,"enemies":"Gremlin Nob","floor":10,"turns":4},{"damage":0,"enemies":"Exordium Wildlife","floor":12,"turns":1},{"damage":0,"enemies":"3 Sentries","floor":14,"turns":3},{"damage":46,"enemies":"Slime Boss","floor":16,"turns":11},{"damage":6,"enemies":"Shell Parasite","floor":18,"turns":3},{"damage":0,"enemies":"2 Thieves","floor":19,"turns":1},{"damage":16,"enemies":"Book of Stabbing","floor":23,"turns":6},{"damage":0,"enemies":"Gremlin Leader","floor":25,"turns":4},{"damage":6,"enemies":"Book of Stabbing","floor":28,"turns":5},{"damage":1,"enemies":"Snake Plant","floor":29,"turns":3},{"damage":6,"enemies":"Centurion and Healer","floor":30,"turns":1},{"damage":6,"enemies":"Cultist and Chosen","floor":31,"turns":2},{"damage":11,"enemies":"Collector","floor":33,"turns":6},{"damage":6,"enemies":"3 Darklings","floor":35,"turns":1},{"damage":6,"enemies":"Orb Walker","floor":37,"turns":3},{"damage":6,"enemies":"Jaw Worm Horde","floor":39,"turns":2},{"damage":13,"enemies":"Reptomancer","floor":40,"turns":3},{"damage":6,"enemies":"Nemesis","floor":42,"turns":7},{"damage":0,"enemies":"Reptomancer","floor":44,"turns":2},{"damage":12,"enemies":"Maw","floor":45,"turns":4},{"damage":6,"enemies":"Giant Head","floor":46,"turns":4},{"damage":6,"enemies":"Reptomancer","floor":48,"turns":1},{"damage":12,"enemies":"Awakened One","floor":50,"turns":4},{"damage":9,"enemies":"Donu and Deca","floor":51,"turns":4},{"damage":0,"enemies":"Shield and Spear","floor":55,"turns":3},{"damage":13,"enemies":"The Heart","floor":56,"turns":6}],"seed_played":"5578861514402666168","neow_bonus_log":{"cardsObtained":[],"cardsUpgraded":[],"cardsRemoved":[],"cardsTransformed":[],"relicsObtained":[],"maxHpGained":0,"goldGained":0,"damageTaken":0,"goldLost":0,"maxHpLost":0},"potions_obtained":[{"floor":1,"key":"FairyPotion"},{"floor":6,"key":"Swift Potion"},{"floor":12,"key":"Dexterity Potion"},{"floor":16,"key":"SteroidPotion"},{"floor":18,"key":"SteroidPotion"},{"floor":23,"key":"Dexterity Potion"},{"floor":28,"key":"Swift Potion"},{"floor":33,"key":"DistilledChaos"},{"floor":46,"key":"ColorlessPotion"},{"floor":48,"key":"DistilledChaos"},{"floor":55,"key":"Block Potion"}],"is_trial":false,"path_per_floor":["M","?","?","M","M","E","M","E","T","E","$","M","$","E","R","B",null,"M","M","?","?","$","E","$","E","T","R","E","M","M","M","R","B",null,"M","$","M","?","M","E","?","E","T","E","M","E","?","E","R","B","B",null,"R","$","E","B",null],"character_chosen":"IRONCLAD","items_purchased":["Shockwave","Armaments","Exhume","Dark Shackles","Akabeko"],"campfire_rested":2,"item_purchase_floors":[11,13,36,36,54],"current_hp_per_floor":[67,67,72,76,79,58,49,46,46,23,23,29,29,35,35,30,68,70,78,78,78,78,70,70,78,78,78,80,80,80,80,80,75,79,80,80,80,70,72,67,67,69,69,77,73,75,75,77,77,73,72,78,80,80,80,73],"gold":33,"neow_bonus":"RANDOM_COLORLESS","is_prod":false,"is_daily":false,"rewards_skipped":[{"floor":7,"relics":[],"potions":["GamblersBrew"]},{"floor":31,"relics":[],"potions":["SteroidPotion"]},{"floor":35,"relics":[],"potions":["AttackPotion"]},{"floor":40,"relics":[],"potions":["PowerPotion"]}],"chose_seed":false,"campfire_upgraded":2,"win_rate":0,"floor_exit_playtime":[278,350,393,447,662,742,899,1026,1044,1157,1276,1436,1528,1749,1757,2046,2156,2307,2339,2376,2391,2417,2729,2751,2845,2935,2958,3131,3483,3561,3707,3738,4216,4314,4372,4483,4567,4706,4784,5390,5393,5640,5645,5702,5960,6228,6241,6333,6624,6960,7123,7135,7142,7222,7460,7817],"timestamp":1654135654,"blue_key_relic_skipped_log":{"floor":9,"relicID":"MawBank"},"path_taken":["M","?","?","?","M","E","M","E","T","E","$","M","?","E","R","BOSS","M","M","?","?","$","E","$","E","T","R","E","?","M","M","R","BOSS","M","$","M","?","M","E","?","E","T","E","?","E","?","E","R","BOSS","BOSS","R","$","E","BOSS"],"build_version":"2022-03-07","purchased_purges":6,"victory":true,"max_hp_per_floor":[75,75,80,80,80,80,80,80,80,80,80,80,80,80,80,80,80,80,80,80,80,80,80,80,80,80,80,80,80,80,80,80,80,80,80,80,80,80,80,80,80,80,80,80,80,80,80,80,80,80,80,80,80,80,80,80],"relic_stats":{"Regal Pillow":0,"Gremlin Horn":[14,17],"counters":[32,117],"Bag of Preparation":[36],"Smiling Mask":525,"Burning Blood":181,"Mercury Hourglass":[73],"Blood Vial":31,"Dream Catcher":2,"WingedGreaves":3,"obtain_stats":[{"Potion Belt":44,"Lantern":10,"Regal Pillow":28,"Gremlin Horn":26,"Oddly Smooth Stone":8,"Thread and Needle":21,"Bag of Preparation":25,"Smiling Mask":6,"Burning Blood":0,"Akabeko":54,"Mercury Hourglass":46,"Blood Vial":14,"Dream Catcher":23,"Philosopher\u0027s Stone":17,"Fusion Hammer":34,"WingedGreaves":40,"Red Mask":41,"Toxic Egg 2":42,"FossilizedHelix":48,"Unceasing Top":55,"Paper Frog":43},{"Potion Belt":25,"Lantern":7,"Regal Pillow":15,"Gremlin Horn":14,"Oddly Smooth Stone":6,"Thread and Needle":12,"Bag of Preparation":14,"Smiling Mask":4,"Burning Blood":0,"Akabeko":30,"Mercury Hourglass":27,"Blood Vial":9,"Dream Catcher":13,"Philosopher\u0027s Stone":10,"Fusion Hammer":19,"WingedGreaves":23,"Red Mask":23,"Toxic Egg 2":24,"FossilizedHelix":28,"Unceasing Top":31,"Paper Frog":24},{"Potion Belt":91,"Lantern":27,"Regal Pillow":61,"Gremlin Horn":56,"Oddly Smooth Stone":23,"Thread and Needle":46,"Bag of Preparation":56,"Smiling Mask":14,"Burning Blood":0,"Akabeko":108,"Mercury Hourglass":99,"Blood Vial":31,"Dream Catcher":52,"Philosopher\u0027s Stone":42,"Fusion Hammer":73,"WingedGreaves":82,"Red Mask":82,"Toxic Egg 2":89,"FossilizedHelix":100,"Unceasing Top":111,"Paper Frog":89}],"FossilizedHelix":[58],"Unceasing Top":[0]},"card_choices":[{"not_picked":["Swift Strike","Enlightenment"],"picked":"Dramatic Entrance","floor":0},{"not_picked":["Cleave","Heavy Blade"],"picked":"Iron Wave","floor":1},{"not_picked":["Sword Boomerang","Havoc"],"picked":"Pommel Strike","floor":4},{"not_picked":["Twin Strike","Havoc"],"picked":"Feel No Pain","floor":5},{"not_picked":["Pummel","Entrench"],"picked":"Immolate","floor":6},{"not_picked":["Headbutt","Sword Boomerang","Perfected Strike"],"picked":"SKIP","floor":7},{"not_picked":["Dropkick","Evolve"],"picked":"Battle Trance","floor":8},{"not_picked":["Clothesline","Shrug It Off"],"picked":"Offering","floor":10},{"not_picked":["Warcry","Body Slam","Perfected Strike"],"picked":"SKIP","floor":12},{"not_picked":["Clash","Pummel"],"picked":"Power Through","floor":14},{"not_picked":["Brutality","Berserk"],"picked":"Immolate","floor":16},{"not_picked":["Armaments","True Grit"],"picked":"Pommel Strike","floor":18},{"not_picked":["Havoc","Thunderclap"],"picked":"Seeing Red","floor":19},{"not_picked":["Pommel Strike","Rage","Iron Wave"],"picked":"SKIP","floor":23},{"not_picked":["Intimidate","Dropkick"],"picked":"Second Wind","floor":25},{"not_picked":["Heavy Blade","Headbutt"],"picked":"Body Slam","floor":28},{"not_picked":["Sever Soul","Rage","Rupture"],"picked":"SKIP","floor":29},{"not_picked":["Sever Soul","Rage","Rupture"],"picked":"SKIP","floor":29},{"not_picked":["Sever Soul","Rage","Rupture"],"picked":"SKIP","floor":29},{"not_picked":["Clash","Clothesline"],"picked":"Bloodletting","floor":30},{"not_picked":["Thunderclap","Flex","Demon Form"],"picked":"SKIP","floor":31},{"not_picked":["Offering","Double Tap"],"picked":"Impervious","floor":33},{"not_picked":["Pommel Strike","Blood for Blood","Perfected Strike"],"picked":"SKIP","floor":35},{"not_picked":["Pummel","Flex+1"],"picked":"Evolve","floor":37},{"not_picked":["Bandage Up","Purity"],"picked":"Apotheosis","floor":38},{"not_picked":["Mind Blast","Secret Weapon"],"picked":"Deep Breath","floor":38},{"not_picked":["Mind Blast","Purity"],"picked":"Deep Breath","floor":38},{"not_picked":["Dual Wield","Sword Boomerang"],"picked":"Shrug It Off","floor":39},{"not_picked":["Perfected Strike","Flex+1"],"picked":"Dark Embrace","floor":42},{"not_picked":["Perfected Strike","Shrug It Off+1"],"picked":"Shockwave+1","floor":44},{"not_picked":["Perfected Strike","Flame Barrier+1"],"picked":"Warcry+1","floor":45},{"not_picked":["True Grit+1","Wild Strike"],"picked":"Fiend Fire","floor":46},{"not_picked":["Thunderclap","Twin Strike","Flex+1"],"picked":"SKIP","floor":48},{"not_picked":["Clothesline","Thunderclap"],"picked":"Offering+1","floor":53},{"not_picked":["True Grit+1","Body Slam+1"],"picked":"Burning Pact+1","floor":55}],"player_experience":12910663,"relics_obtained":[{"floor":6,"key":"Smiling Mask"},{"floor":8,"key":"Oddly Smooth Stone"},{"floor":10,"key":"Lantern"},{"floor":14,"key":"Blood Vial"},{"floor":23,"key":"Dream Catcher"},{"floor":25,"key":"Bag of Preparation"},{"floor":26,"key":"Gremlin Horn"},{"floor":28,"key":"Regal Pillow"},{"floor":40,"key":"WingedGreaves"},{"floor":42,"key":"Toxic Egg 2"},{"floor":43,"key":"Paper Frog"},{"floor":44,"key":"Potion Belt"},{"floor":46,"key":"Mercury Hourglass"},{"floor":48,"key":"FossilizedHelix"},{"floor":55,"key":"Unceasing Top"}],"event_choices":[{"cards_removed":["Strike_R"],"damage_healed":0,"gold_gain":0,"player_choice":"Card Removal","damage_taken":0,"max_hp_gain":0,"max_hp_loss":0,"event_name":"The Cleric","floor":2,"gold_loss":75},{"damage_healed":0,"gold_gain":0,"player_choice":"Donut","damage_taken":0,"max_hp_gain":5,"max_hp_loss":0,"event_name":"Big Fish","floor":3,"gold_loss":0},{"cards_removed":["Strike_R"],"damage_healed":0,"gold_gain":0,"player_choice":"Gave Gold","damage_taken":0,"max_hp_gain":0,"max_hp_loss":0,"event_name":"Beggar","floor":20,"gold_loss":75},{"damage_healed":0,"gold_gain":0,"player_choice":"Stole Relic","damage_taken":0,"relics_obtained":["Thread and Needle"],"max_hp_gain":0,"max_hp_loss":0,"event_name":"Addict","floor":21,"gold_loss":0,"cards_obtained":["Shame"]},{"damage_healed":0,"gold_gain":0,"player_choice":"Memory 3","damage_taken":10,"max_hp_gain":0,"max_hp_loss":0,"event_name":"SensoryStone","floor":38,"gold_loss":0},{"damage_healed":0,"gold_gain":0,"player_choice":"Paid","damage_taken":0,"relics_obtained":["Red Mask"],"max_hp_gain":0,"max_hp_loss":0,"event_name":"Tomb of Lord Red Mask","floor":41,"gold_loss":84},{"cards_removed":["Dramatic Entrance"],"damage_healed":0,"gold_gain":0,"player_choice":"Removed Attack","damage_taken":0,"max_hp_gain":0,"max_hp_loss":0,"event_name":"Falling","floor":47,"gold_loss":0}],"is_beta":false,"boss_relics":[{"not_picked":["Black Star","Tiny House"],"picked":"Philosopher\u0027s Stone"},{"not_picked":["Empty Cage","Mark of Pain"],"picked":"Fusion Hammer"}],"items_purged_floors":[11,13,22,24,36,54],"is_endless":false,"potions_floor_spawned":[1,6,7,12,16,18,23,28,31,33,35,40,46,48,55],"ascension_level":20,"potion_discard_per_floor":[[],[],[],[],[],[],[],[],[],[],[],[],[],[],[],[],[],[],[],[],[],[],[],[],[],[],[],[],[],[],[],[],["SteroidPotion"],[],[],[],[],[],[],[],[],[],[],[],[],[],[],[],[],[],[],[],[],[],[],[],[]]}