{"neow_bonuses_skipped_log":["TEN_PERCENT_HP_BONUS","TWO_FIFTY_GOLD","BOSS_RELIC"],"neow_costs_skipped_log":["NONE","PERCENT_DAMAGE","NONE"],"gold_per_floor":[113,10,10,27,44,44,44,44,90,125,50,85,85,98,98,172,172,188,188,207,221,221,221,254,254,281,281,308,318,0,11,11,90,90,108,108,128,128,138,169,169,198,198,223,223,238,248,289,289,289,289],"floor_reached":51,"playtime":3159,"items_purged":["Strike_R"],"score":1516,"play_id":"e84a2670-459c-4493-9c12-211d64d01d5c","local_time":"20220617192514","score_breakdown":["Floors Climbed (51): 255","Enemies Slain (14): 28","Exordium Elites Killed (2): 20","City Elites Killed (2): 40","Beyond Elites Killed (3): 90","Bosses Slain (3): 300","Champion (1): 25","Ascension (20): 758"],"is_ascension_mode":true,"campfire_choices":[{"data":"Blood for Blood","floor":6,"key":"SMITH"},{"data":"Inflame","floor":8,"key":"SMITH"},{"floor":13,"key":"REST"},{"data":"Armaments","floor":15,"key":"SMITH"},{"data":"J.A.X.","floor":23,"key":"SMITH"},{"data":"Bludgeon","floor":25,"key":"SMITH"},{"data":"Double Tap","floor":27,"key":"SMITH"},{"data":"Dark Embrace","floor":32,"key":"SMITH"},{"floor":41,"key":"RECALL"},{"data":"Bash","floor":45,"key":"SMITH"},{"floor":49,"key":"REST"}],"neow_cost":"NONE","seed_source_timestamp":2974949461833600,"shop_contents":[{"floor":2,"relics":["Bottled Lightning","Gremlin Horn","Lee\u0027s Waffle"],"cards":["Anger","Battle Trance","Infernal Blade","Impatience","Apotheosis"],"potions":["Weak Potion","SpeedPotion","Regen Potion"]},{"floor":30,"relics":["Strawberry","InkBottle","Frozen Eye"],"cards":["Sword Boomerang","Iron Wave","Armaments+1","Impatience+1","Metamorphosis+1"],"potions":["Energy Potion","PowerPotion","Energy Potion"]}],"circlet_count":0,"master_deck":["AscendersBane","Strike_R","Strike_R","Defend_R","Defend_R","Defend_R","Defend_R","Bash+1","Double Tap+1","Blood for Blood+1","Inflame+1","Thunderclap","Twin Strike","Bludgeon+1","Armaments+1","Bludgeon+1","Warcry+1","Thunderclap+1","J.A.X.+1","Warcry+1","Shockwave+1","Shrug It Off+1","Flame Barrier+1","Brutality","Dark Embrace+1","Limit Break+1","Intimidate+1","Rampage","Warcry+1","Havoc+1","Power Through+1","Battle Trance+1","Havoc+1","Sentinel+1"],"potion_use_per_floor":[[],[],[],[],[],[],[],[],[],["ColorlessPotion"],[],["Dexterity Potion"],[],[],[],[],[],[],[],[],["Explosive Potion"],[],[],[],[],[],[],[],[],[],[],[],["EntropicBrew","Ancient Potion"],[],[],[],[],[],["GamblersBrew"],["DuplicationPotion"],[],[],[],[],[],["SneckoOil"],[],[],[],["ColorlessPotion"],["CultistPotion"]],"relics":["Burning Blood","Eternal Feather","Oddly Smooth Stone","Mercury Hourglass","Toy Ornithopter","SlaversCollar","Paper Frog","Red Skull","Toxic Egg 2","Mark of Pain","Matryoshka","Darkstone Periapt","Bag of Marbles","FossilizedHelix","CeramicFish"],"potions_floor_usage":[10,12,21,33,33,39,40,46,50,51],"damage_taken":[{"damage":7,"enemies":"Cultist","floor":1,"turns":4},{"damage":12,"enemies":"Jaw Worm","floor":4,"turns":2},{"damage":10,"enemies":"Small Slimes","floor":5,"turns":3},{"damage":26,"enemies":"Lagavulin","floor":10,"turns":5},{"damage":28,"enemies":"Gremlin Nob","floor":12,"turns":4},{"damage":0,"enemies":"2 Fungi Beasts","floor":14,"turns":2},{"damage":12,"enemies":"The Guardian","floor":16,"turns":12},{"damage":11,"enemies":"Spheric Guardian","floor":18,"turns":3},{"damage":18,"enemies":"Chosen","floor":20,"turns":4},{"damage":0,"enemies":"Snake Plant","floor":21,"turns":3},{"damage":42,"enemies":"Book of Stabbing","floor":24,"turns":3},{"damage":4,"enemies":"Gremlin Leader","floor":28,"turns":4},{"damage":13,"enemies":"Centurion and Healer","floor":29,"turns":4},{"damage":3,"enemies":"Sentry and Sphere","floor":31,"turns":4},{"damage":29,"enemies":"Collector","floor":33,"turns":6},{"damage":10,"enemies":"Orb Walker","floor":35,"turns":4},{"damage":27,"enemies":"3 Darklings","floor":37,"turns":5},{"damage":31,"enemies":"Transient","floor":39,"turns":6},{"damage":12,"enemies":"Reptomancer","floor":40,"turns":2},{"damage":7,"enemies":"Nemesis","floor":42,"turns":5},{"damage":2,"enemies":"Mind Bloom Boss Battle","floor":44,"turns":5},{"damage":25,"enemies":"Spire Growth","floor":46,"turns":3},{"damage":13,"enemies":"Writhing Mass","floor":47,"turns":5},{"damage":43,"enemies":"Reptomancer","floor":48,"turns":4},{"damage":40,"enemies":"Donu and Deca","floor":50,"turns":7},{"damage":40,"enemies":"Awakened One","floor":51,"turns":5}],"seed_played":"-8013608129354259702","neow_bonus_log":{"cardsObtained":["Double Tap"],"cardsUpgraded":[],"cardsRemoved":[],"cardsTransformed":[],"relicsObtained":[],"maxHpGained":0,"goldGained":0,"damageTaken":0,"goldLost":0,"maxHpLost":0},"potions_obtained":[{"floor":1,"key":"Dexterity Potion"},{"floor":4,"key":"ColorlessPotion"},{"floor":18,"key":"Explosive Potion"},{"floor":29,"key":"EntropicBrew"},{"floor":33,"key":"DuplicationPotion"},{"floor":39,"key":"CultistPotion"},{"floor":42,"key":"SneckoOil"},{"floor":48,"key":"ColorlessPotion"}],"is_trial":false,"path_per_floor":["M","$","?","M","M","R","?","R","T","E","?","E","R","M","R","B",null,"M","?","M","M","?","R","E","R","T","R","E","M","$","M","R","B",null,"M","?","M","?","M","E","R","E","T","?","R","M","M","E","R","B","B"],"character_chosen":"IRONCLAD","items_purchased":["Inflame","Thunderclap","Flame Barrier+1","Brutality"],"campfire_rested":2,"item_purchase_floors":[2,2,30,30],"current_hp_per_floor":[67,67,41,35,31,40,40,49,49,29,29,7,38,44,53,47,68,63,63,51,62,62,74,38,50,50,62,64,57,57,60,75,62,72,68,68,47,47,27,26,44,43,43,47,65,51,44,7,47,18,0],"gold":289,"neow_bonus":"ONE_RANDOM_RARE_CARD","is_prod":false,"is_daily":false,"rewards_skipped":[{"floor":35,"relics":[],"potions":["SteroidPotion"]}],"chose_seed":false,"campfire_upgraded":8,"win_rate":0,"floor_exit_playtime":[163,194,204,249,293,307,316,325,337,446,465,583,605,628,651,806,883,937,950,1035,1159,1203,1212,1271,1280,1309,1322,1442,1552,1608,1693,1700,1866,1989,2061,2070,2196,2207,2356,2426,2433,2538,2549,2630,2646,2735,2827,2947,2953,3073],"timestamp":1655508314,"blue_key_relic_skipped_log":{"floor":43,"relicID":"MawBank"},"path_taken":["M","?","?","M","M","R","?","R","T","E","?","E","R","M","R","BOSS","M","?","?","M","?","R","E","R","T","R","E","M","$","M","R","BOSS","M","?","?","?","M","E","R","E","T","?","R","M","M","E","R","BOSS","BOSS"],"build_version":"2022-03-07","purchased_purges":1,"victory":false,"max_hp_per_floor":[75,75,75,75,75,75,75,75,75,75,75,75,75,75,75,75,75,75,75,75,75,75,75,75,75,75,75,75,75,75,75,75,75,75,75,75,75,75,75,75,75,75,75,75,75,75,75,75,75,75,75],"relic_stats":{"Darkstone Periapt":0,"Matryoshka":1,"counters":[26,114],"CeramicFish":9,"Eternal Feather":141,"obtain_stats":[{"Darkstone Periapt":42,"CeramicFish":48,"Oddly Smooth Stone":9,"Eternal Feather":3,"Burning Blood":0,"Mercury Hourglass":10,"SlaversCollar":17,"Matryoshka":40,"Mark of Pain":34,"Bag of Marbles":43,"Toxic Egg 2":28,"Toy Ornithopter":12,"Red Skull":26,"FossilizedHelix":44,"Paper Frog":24},{"Darkstone Periapt":20,"CeramicFish":24,"Oddly Smooth Stone":3,"Eternal Feather":1,"Burning Blood":0,"Mercury Hourglass":4,"SlaversCollar":7,"Matryoshka":19,"Mark of Pain":15,"Bag of Marbles":20,"Toxic Egg 2":12,"Toy Ornithopter":5,"Red Skull":11,"FossilizedHelix":21,"Paper Frog":11},{"Darkstone Periapt":85,"CeramicFish":102,"Oddly Smooth Stone":9,"Eternal Feather":4,"Burning Blood":0,"Mercury Hourglass":14,"SlaversCollar":32,"Matryoshka":80,"Mark of Pain":63,"Bag of Marbles":85,"Toxic Egg 2":49,"Toy Ornithopter":18,"Red Skull":45,"FossilizedHelix":90,"Paper Frog":45}],"Burning Blood":150,"Toy Ornithopter":40,"FossilizedHelix":[38],"Mercury Hourglass":[372]},"card_choices":[{"not_picked":["Pommel Strike","Seeing Red"],"picked":"Blood for Blood","floor":1},{"not_picked":["Second Wind","Dark Embrace","Wild Strike"],"picked":"SKIP","floor":4},{"not_picked":["Wild Strike","Flex"],"picked":"Twin Strike","floor":5},{"not_picked":["Body Slam","Heavy Blade"],"picked":"Bludgeon","floor":10},{"not_picked":["Pommel Strike","Wild Strike"],"picked":"Armaments","floor":12},{"not_picked":["Flex","Pommel Strike","Cleave"],"picked":"SKIP","floor":14},{"not_picked":["Exhume","Double Tap"],"picked":"Bludgeon","floor":16},{"not_picked":["Wild Strike+1","Heavy Blade"],"picked":"Warcry+1","floor":18},{"not_picked":["Cleave+1","Armaments"],"picked":"Thunderclap+1","floor":20},{"not_picked":["Double Tap","Iron Wave","Warcry"],"picked":"SKIP","floor":21},{"not_picked":["Clothesline","Iron Wave"],"picked":"Warcry+1","floor":24},{"not_picked":["Whirlwind","Sentinel+1"],"picked":"Shockwave+1","floor":28},{"not_picked":["Twin Strike","Body Slam"],"picked":"Shrug It Off+1","floor":29},{"not_picked":["Thunderclap+1","Inflame"],"picked":"Dark Embrace","floor":31},{"not_picked":["Berserk","Exhume+1"],"picked":"Limit Break+1","floor":33},{"not_picked":["Headbutt","Dark Embrace"],"picked":"Intimidate+1","floor":35},{"not_picked":["Intimidate+1","Headbutt"],"picked":"Warcry+1","floor":37},{"not_picked":["Flex+1","Armaments+1"],"picked":"Havoc+1","floor":39},{"not_picked":["Hemokinesis+1","Whirlwind","Body Slam"],"picked":"SKIP","floor":40},{"not_picked":["Seeing Red+1","Reckless Charge"],"picked":"Power Through+1","floor":42},{"not_picked":["Perfected Strike+1","Rampage","Flex+1"],"picked":"SKIP","floor":44},{"not_picked":["Power Through+1","Combust"],"picked":"Battle Trance+1","floor":46},{"not_picked":["Heavy Blade","Headbutt"],"picked":"Havoc+1","floor":47},{"not_picked":["Bloodletting+1","Twin Strike"],"picked":"Sentinel+1","floor":48}],"player_experience":7199783,"relics_obtained":[{"floor":9,"key":"Oddly Smooth Stone"},{"floor":10,"key":"Mercury Hourglass"},{"floor":12,"key":"Toy Ornithopter"},{"floor":24,"key":"Paper Frog"},{"floor":26,"key":"Red Skull"},{"floor":28,"key":"Toxic Egg 2"},{"floor":40,"key":"Matryoshka"},{"floor":42,"key":"Darkstone Periapt"},{"floor":43,"key":"Bag of Marbles"},{"floor":44,"key":"FossilizedHelix"},{"floor":48,"key":"CeramicFish"}],"event_choices":[{"damage_healed":0,"gold_gain":0,"player_choice":"Success","damage_taken":26,"relics_obtained":["Eternal Feather"],"max_hp_gain":0,"max_hp_loss":0,"event_name":"Scrap Ooze","floor":3,"gold_loss":0},{"damage_healed":0,"gold_gain":0,"player_choice":"Ignored","damage_taken":0,"max_hp_gain":0,"max_hp_loss":0,"event_name":"Liars Game","floor":7,"gold_loss":0},{"cards_removed":["Strike_R"],"damage_healed":0,"gold_gain":0,"player_choice":"Card Removal","damage_taken":0,"max_hp_gain":0,"max_hp_loss":0,"event_name":"The Cleric","floor":11,"gold_loss":75},{"damage_healed":0,"gold_gain":0,"player_choice":"Upgraded","damage_taken":0,"max_hp_gain":0,"max_hp_loss":0,"event_name":"Upgrade Shrine","floor":19,"gold_loss":0,"cards_upgraded":["Bludgeon"]},{"damage_healed":0,"gold_gain":0,"player_choice":"Obtain J.A.X.","damage_taken":0,"max_hp_gain":0,"max_hp_loss":0,"event_name":"Drug Dealer","floor":22,"gold_loss":0,"cards_obtained":["J.A.X."]},{"damage_healed":0,"gold_gain":0,"cards_transformed":["Strike_R"],"player_choice":"Transformed","damage_taken":0,"max_hp_gain":0,"max_hp_loss":0,"event_name":"Transmorgrifier","floor":36,"gold_loss":0,"cards_obtained":["Rampage"]},{"damage_healed":0,"gold_gain":0,"player_choice":"Ignored","damage_taken":0,"max_hp_gain":0,"max_hp_loss":0,"event_name":"Tomb of Lord Red Mask","floor":38,"gold_loss":0},{"damage_healed":0,"gold_gain":0,"player_choice":"Fight","damage_taken":0,"max_hp_gain":0,"max_hp_loss":0,"event_name":"MindBloom","floor":44,"gold_loss":0}],"is_beta":false,"boss_relics":[{"not_picked":["Sozu","Calling Bell"],"picked":"SlaversCollar"},{"not_picked":["Empty Cage","Black Star"],"picked":"Mark of Pain"}],"items_purged_floors":[30],"is_endless":false,"potions_floor_spawned":[1,4,18,29,33,35,39,42,48],"killed_by":"Awakened One","ascension_level":20,"potion_discard_per_floor":[[],[],[],[],[],[],[],[],[],[],[],[],[],[],[],[],[],[],[],[],[],[],[],[],[],[],[],[],[],[],[],[],[],[],[],[],[],[],[],[],[],[],[],[],[],[],[],[],[],[],[]]}