{"neow_bonuses_skipped_log":["REMOVE_CARD","THREE_ENEMY_KILL","BOSS_RELIC"],"neow_costs_skipped_log":["NONE","NONE","NONE"],"gold_per_floor":[366,366,376,14,33,33,67,78,78,78,78,108,120,155,155,226,226,240,240,257,19,19,48,48,61,85,85,85,99,113,124,124,197,197,214,214,39,110,110,136,136,167,191,203,250,317,366,388,400,432,444,456,468,29,63,63],"floor_reached":57,"playtime":5240,"items_purged":["Defend_R","Strike_R"],"score":2814,"play_id":"e0d8573d-468b-4f1a-809a-eb32d12d47b6","local_time":"20220615134618","score_breakdown":["Floors Climbed (57): 285","Enemies Slain (16): 32","Exordium Elites Killed (3): 30","City Elites Killed (1): 20","Beyond Elites Killed (3): 90","Bosses Slain (5): 750","Money Money (1190): 25","Librarian: 25","Champion (1): 25","Overkill: 25","Ascension (20): 1257","Heartbreaker: 250"],"is_ascension_mode":true,"campfire_choices":[{"data":"Armaments","floor":6,"key":"SMITH"},{"data":"Inflame","floor":10,"key":"SMITH"},{"data":"Demon Form","floor":15,"key":"SMITH"},{"data":"Dual Wield","floor":24,"key":"SMITH"},{"floor":28,"key":"REST"},{"data":"Immolate","floor":32,"key":"SMITH"},{"floor":41,"key":"RECALL"},{"floor":44,"key":"REST"},{"floor":49,"key":"REST"},{"floor":53,"key":"REST"}],"neow_cost":"CURSE","seed_source_timestamp":2779710914518400,"shop_contents":[{"floor":4,"relics":["Ancient Tea Set","Meat on the Bone"],"cards":["Headbutt","Body Slam","Warcry","Rupture","Panache"],"potions":["AttackPotion","BlessingOfTheForge","ColorlessPotion"]},{"floor":21,"relics":["Pen Nib","OrangePellets"],"cards":["Sword Boomerang","Double Tap","Burning Pact","Metallicize","Jack Of All Trades","Chrysalis"],"potions":["SkillPotion","Strength Potion","Dexterity Potion"]},{"floor":37,"relics":["Toxic Egg 2","Regal Pillow","Toolbox"],"cards":["Perfected Strike","Sever Soul","Flex","Warcry","Flash of Steel","Magnetism"],"potions":["Block Potion","Fruit Juice","Ancient Potion"]},{"floor":54,"relics":["Red Skull","Chemical X"],"cards":["Reckless Charge+1","Blood for Blood+1","Havoc","Sentinel","Finesse","Magnetism"],"potions":["Fire Potion","LiquidBronze"]}],"circlet_count":0,"master_deck":["AscendersBane","Strike_R","Strike_R","Strike_R","Defend_R","Defend_R","Defend_R","Bash","Hemokinesis","Metallicize","Impervious","Cleave","Shrug It Off","Inflame+1","Shrug It Off","Armaments+1","Dark Shackles+1","Carnage","Demon Form+1","Immolate+1","Dual Wield+1","Uppercut","Clothesline+1","Sword Boomerang+1","Armaments+1","Impervious","Dark Shackles","HandOfGreed","Feel No Pain","True Grit+1","Writhe","Heavy Blade+1","Disarm","Burning Pact","True Grit+1","Feel No Pain","Heavy Blade+1"],"potion_use_per_floor":[[],[],[],[],[],[],[],[],[],[],[],["FearPotion"],[],[],[],["Swift Potion"],[],[],[],[],[],[],["Swift Potion"],[],["ColorlessPotion"],[],[],[],[],[],[],[],["PowerPotion","Explosive Potion"],[],[],[],[],[],[],[],[],[],[],[],["Weak Potion"],[],["Fruit Juice"],[],[],[],["ColorlessPotion"],[],[],[],[],["BlessingOfTheForge","FearPotion","SpeedPotion","SteroidPotion"],[]],"relics":["Burning Blood","Orrery","Tiny Chest","Potion Belt","Darkstone Periapt","Blue Candle","Snecko Eye","Lantern","Oddly Smooth Stone","Centennial Puzzle","Torii","Fusion Hammer","Molten Egg 2","Pantograph","MawBank","War Paint","Lizard Tail","Orichalcum"],"potions_floor_usage":[12,16,23,25,33,33,45,47,51,56,56,56,56],"damage_taken":[{"damage":13,"enemies":"Cultist","floor":1,"turns":5},{"damage":4,"enemies":"2 Louse","floor":3,"turns":2},{"damage":0,"enemies":"Small Slimes","floor":5,"turns":4},{"damage":20,"enemies":"Lagavulin","floor":7,"turns":7},{"damage":6,"enemies":"Red Slaver","floor":8,"turns":3},{"damage":10,"enemies":"Gremlin Nob","floor":12,"turns":3},{"damage":0,"enemies":"Blue Slaver","floor":13,"turns":4},{"damage":4,"enemies":"Lagavulin","floor":14,"turns":7},{"damage":19,"enemies":"Hexaghost","floor":16,"turns":10},{"damage":9,"enemies":"Spheric Guardian","floor":18,"turns":4},{"damage":16,"enemies":"Shell Parasite","floor":20,"turns":5},{"damage":16,"enemies":"Slavers","floor":23,"turns":4},{"damage":28,"enemies":"Sentry and Sphere","floor":25,"turns":6},{"damage":0,"enemies":"Snake Plant","floor":29,"turns":3},{"damage":0,"enemies":"Centurion and Healer","floor":30,"turns":4},{"damage":1,"enemies":"Snecko","floor":31,"turns":4},{"damage":4,"enemies":"Automaton","floor":33,"turns":5},{"damage":0,"enemies":"3 Darklings","floor":35,"turns":3},{"damage":5,"enemies":"3 Shapes","floor":38,"turns":7},{"damage":17,"enemies":"Nemesis","floor":40,"turns":5},{"damage":3,"enemies":"Giant Head","floor":42,"turns":6},{"damage":6,"enemies":"Reptomancer","floor":45,"turns":5},{"damage":11,"enemies":"Jaw Worm Horde","floor":46,"turns":5},{"damage":19,"enemies":"Maw","floor":47,"turns":6},{"damage":1,"enemies":"Writhing Mass","floor":48,"turns":5},{"damage":59,"enemies":"Awakened One","floor":50,"turns":8},{"damage":42,"enemies":"Time Eater","floor":51,"turns":8},{"damage":65,"enemies":"Shield and Spear","floor":55,"turns":6},{"damage":73,"enemies":"The Heart","floor":56,"turns":10}],"seed_played":"7098406942038581377","neow_bonus_log":{"cardsObtained":["Normality"],"cardsUpgraded":[],"cardsRemoved":[],"cardsTransformed":[],"relicsObtained":[],"maxHpGained":0,"goldGained":250,"damageTaken":0,"goldLost":0,"maxHpLost":0},"potions_obtained":[{"floor":1,"key":"Swift Potion"},{"floor":7,"key":"FearPotion"},{"floor":11,"key":"ColorlessPotion"},{"floor":11,"key":"Dexterity Potion"},{"floor":13,"key":"Explosive Potion"},{"floor":14,"key":"SteroidPotion"},{"floor":20,"key":"Swift Potion"},{"floor":23,"key":"PowerPotion"},{"floor":30,"key":"Dexterity Potion"},{"floor":33,"key":"Fruit Juice"},{"floor":35,"key":"Weak Potion"},{"floor":46,"key":"SpeedPotion"},{"floor":47,"key":"SpeedPotion"},{"floor":48,"key":"ColorlessPotion"},{"floor":55,"key":"FearPotion"}],"is_trial":false,"path_per_floor":["M","?","M","$","M","R","E","M","T","R","?","E","M","E","R","B",null,"M","?","M","$","T","E","R","M","T","T","R","M","M","M","R","B",null,"M","?","$","M","?","E","R","E","T","R","E","M","M","M","R","B","B",null,"R","$","E","B",null],"character_chosen":"IRONCLAD","items_purchased":["Orrery","Armaments","Dark Shackles","Lantern","Uppercut","Feel No Pain","Lizard Tail","Feel No Pain","BlessingOfTheForge"],"campfire_rested":4,"item_purchase_floors":[4,4,4,21,21,37,54,54,54],"current_hp_per_floor":[61,61,63,63,69,69,55,55,55,55,55,51,57,59,59,46,68,65,65,55,55,55,45,45,23,23,23,45,51,57,62,62,64,72,75,65,65,66,81,70,70,73,73,81,81,76,68,73,86,33,22,70,86,86,27,39],"gold":63,"neow_bonus":"TWO_FIFTY_GOLD","is_prod":false,"is_daily":false,"rewards_skipped":[],"chose_seed":false,"campfire_upgraded":5,"win_rate":0,"floor_exit_playtime":[436,575,610,777,831,843,1023,1086,1095,1109,1117,1306,1389,1502,1508,1677,1827,1916,1980,2067,2169,2178,2333,2341,2517,2529,2557,2563,2604,2711,2783,2794,3035,3136,3197,3237,3267,3392,3421,3512,3517,3651,3654,3659,3815,4001,4102,4226,4231,4421,4626,4647,4656,4722,4909,5240],"timestamp":1655315178,"blue_key_relic_skipped_log":{"floor":26,"relicID":"CeramicFish"},"path_taken":["M","?","M","$","M","R","E","M","T","R","?","E","?","E","R","BOSS","M","?","M","$","?","E","R","M","T","?","R","M","M","M","R","BOSS","M","?","$","M","?","E","R","E","T","R","E","M","M","M","R","BOSS","BOSS","R","$","E","BOSS"],"build_version":"2022-03-07","purchased_purges":2,"victory":true,"max_hp_per_floor":[75,75,75,75,75,75,75,75,75,75,75,75,75,75,75,75,75,75,75,75,75,75,75,75,75,75,75,75,75,75,75,75,75,75,75,75,75,75,81,81,81,81,81,81,81,81,86,86,86,86,86,86,86,86,86,86],"relic_stats":{"Darkstone Periapt":6,"Torii":90,"counters":[29,154],"Blue Candle":[11],"War Paint":["True Grit","Dark Shackles"],"Orichalcum":[12],"MawBank":132,"Burning Blood":171,"Centennial Puzzle":[42],"Lizard Tail":43,"Pantograph":50,"Snecko Eye":[204,199,212,182,-170],"Tiny Chest":1,"obtain_stats":[{"Potion Belt":9,"Darkstone Periapt":12,"Lantern":21,"Torii":27,"Blue Candle":14,"Oddly Smooth Stone":22,"War Paint":45,"Orichalcum":55,"MawBank":43,"Burning Blood":0,"Centennial Puzzle":23,"Lizard Tail":54,"Pantograph":42,"Orrery":4,"Snecko Eye":17,"Tiny Chest":7,"Molten Egg 2":40,"Fusion Hammer":34},{"Potion Belt":5,"Darkstone Periapt":6,"Lantern":11,"Torii":13,"Blue Candle":8,"Oddly Smooth Stone":11,"War Paint":22,"Orichalcum":28,"MawBank":21,"Burning Blood":0,"Centennial Puzzle":12,"Lizard Tail":27,"Pantograph":21,"Orrery":2,"Snecko Eye":9,"Tiny Chest":4,"Molten Egg 2":20,"Fusion Hammer":17},{"Potion Belt":21,"Darkstone Periapt":24,"Lantern":54,"Torii":64,"Blue Candle":35,"Oddly Smooth Stone":54,"War Paint":106,"Orichalcum":144,"MawBank":101,"Burning Blood":0,"Centennial Puzzle":58,"Lizard Tail":138,"Pantograph":101,"Orrery":7,"Snecko Eye":45,"Tiny Chest":18,"Molten Egg 2":95,"Fusion Hammer":80}]},"card_choices":[{"not_picked":["Twin Strike","Wild Strike"],"picked":"Hemokinesis","floor":1},{"not_picked":["Cleave","Clash"],"picked":"Metallicize","floor":3},{"not_picked":["Entrench","Warcry"],"picked":"Impervious","floor":4},{"not_picked":["Havoc","Inflame"],"picked":"Cleave","floor":4},{"not_picked":["Bloodletting","Rampage"],"picked":"Shrug It Off","floor":4},{"not_picked":["Power Through","Rage"],"picked":"Inflame","floor":4},{"not_picked":["Thunderclap","Clash"],"picked":"Shrug It Off","floor":4},{"not_picked":["Twin Strike","Sword Boomerang"],"picked":"Carnage","floor":5},{"not_picked":["Burning Pact","Twin Strike","Clash"],"picked":"SKIP","floor":7},{"not_picked":["Metallicize","Rage","Heavy Blade"],"picked":"SKIP","floor":8},{"not_picked":["Metallicize","Rage","Heavy Blade"],"picked":"SKIP","floor":8},{"not_picked":["Metallicize","Rage","Heavy Blade"],"picked":"SKIP","floor":8},{"not_picked":["Clash","Searing Blow","Second Wind"],"picked":"SKIP","floor":12},{"not_picked":["Clash","Searing Blow","Second Wind"],"picked":"SKIP","floor":12},{"not_picked":["Rupture","Clothesline"],"picked":"Demon Form","floor":13},{"not_picked":["Perfected Strike","Cleave","Evolve"],"picked":"SKIP","floor":14},{"not_picked":["Perfected Strike","Cleave","Evolve"],"picked":"SKIP","floor":14},{"not_picked":["Demon Form","Bludgeon"],"picked":"Immolate","floor":16},{"not_picked":["Sword Boomerang","True Grit","Clash"],"picked":"SKIP","floor":18},{"not_picked":["Clothesline","Warcry"],"picked":"Dual Wield","floor":20},{"not_picked":["Iron Wave","Twin Strike","Armaments"],"picked":"SKIP","floor":23},{"not_picked":["Intimidate","Flex"],"picked":"Clothesline+1","floor":25},{"not_picked":["Evolve","Dropkick","Fire Breathing"],"picked":"SKIP","floor":29},{"not_picked":["Fire Breathing","Anger"],"picked":"Sword Boomerang+1","floor":30},{"not_picked":["Havoc","Berserk"],"picked":"Armaments+1","floor":31},{"not_picked":["Limit Break","Fiend Fire"],"picked":"Impervious","floor":33},{"not_picked":["Cleave+1","Blood for Blood+1","Power Through"],"picked":"SKIP","floor":35},{"not_picked":["Secret Technique","The Bomb"],"picked":"Dark Shackles","floor":36},{"not_picked":["Good Instincts","Mind Blast"],"picked":"HandOfGreed","floor":36},{"not_picked":["Blind","Bandage Up","Trip"],"picked":"SKIP","floor":36},{"not_picked":["Havoc","Wild Strike"],"picked":"True Grit","floor":38},{"not_picked":["Inflame","Wild Strike+1"],"picked":"Heavy Blade+1","floor":40},{"not_picked":["Searing Blow+1","Metallicize","Thunderclap+1"],"picked":"SKIP","floor":42},{"not_picked":["Searing Blow+1","Metallicize","Thunderclap+1"],"picked":"SKIP","floor":42},{"not_picked":["Blood for Blood+1","Rage"],"picked":"Disarm","floor":45},{"not_picked":["Armaments+1","Headbutt+1"],"picked":"Burning Pact","floor":46},{"not_picked":["Rage","Body Slam+1","Metallicize"],"picked":"SKIP","floor":47},{"not_picked":["Shrug It Off+1","Double Tap"],"picked":"True Grit+1","floor":48},{"not_picked":["Evolve+1","Uppercut+1"],"picked":"Heavy Blade+1","floor":55}],"player_experience":7176316,"relics_obtained":[{"floor":7,"key":"Tiny Chest"},{"floor":9,"key":"Potion Belt"},{"floor":12,"key":"Darkstone Periapt"},{"floor":14,"key":"Blue Candle"},{"floor":22,"key":"Oddly Smooth Stone"},{"floor":23,"key":"Centennial Puzzle"},{"floor":27,"key":"Torii"},{"floor":40,"key":"Molten Egg 2"},{"floor":42,"key":"Pantograph"},{"floor":43,"key":"MawBank"},{"floor":45,"key":"War Paint"},{"floor":55,"key":"Orichalcum"}],"event_choices":[{"cards_removed":["Normality"],"damage_healed":0,"gold_gain":0,"player_choice":"Forget","damage_taken":0,"max_hp_gain":0,"max_hp_loss":0,"event_name":"Living Wall","floor":2,"gold_loss":0},{"damage_healed":0,"gold_gain":0,"player_choice":"Got Potions","damage_taken":0,"max_hp_gain":0,"max_hp_loss":0,"event_name":"Lab","floor":11,"gold_loss":0},{"cards_removed":["Strike_R"],"damage_healed":0,"gold_gain":0,"player_choice":"Offered Basic","damage_taken":0,"max_hp_gain":0,"max_hp_loss":0,"event_name":"Bonfire Elementals","floor":19,"gold_loss":0},{"damage_healed":0,"gold_gain":0,"player_choice":"Memory 3","damage_taken":10,"max_hp_gain":0,"max_hp_loss":0,"event_name":"SensoryStone","floor":36,"gold_loss":0},{"damage_healed":15,"gold_gain":0,"player_choice":"Writhe","damage_taken":0,"max_hp_gain":0,"max_hp_loss":0,"event_name":"Winding Halls","floor":39,"gold_loss":0,"cards_obtained":["Writhe"]}],"is_beta":false,"boss_relics":[{"not_picked":["Black Blood","SacredBark"],"picked":"Snecko Eye"},{"not_picked":["Astrolabe","Velvet Choker"],"picked":"Fusion Hammer"}],"items_purged_floors":[4,37],"is_endless":false,"potions_floor_spawned":[1,7,13,14,20,23,30,33,35,46,47,48,55],"ascension_level":20,"potion_discard_per_floor":[[],[],[],[],[],[],[],[],[],[],[],[],[],["Dexterity Potion"],[],[],[],[],[],[],[],[],[],[],[],[],[],[],[],[],[],[],[],[],[],[],[],[],[],[],[],[],[],[],[],[],[],["Dexterity Potion"],[],[],[],[],[],[],["SpeedPotion"],[],[]]}