{"neow_bonuses_skipped_log":["TRANSFORM_CARD","THREE_ENEMY_KILL","BOSS_RELIC"],"neow_costs_skipped_log":["NONE","NONE","NONE"],"gold_per_floor":[119,132,149,149,149,188,188,188,213,213,262,285,21,43,43,151,151,178,218,252,271,298,298,35,35,83,128,28,47,71,71,71,142,142,163,163],"floor_reached":36,"playtime":2321,"items_purged":["Strike_R","Strike_R"],"score":817,"play_id":"0f97c635-95c4-49d3-9323-ce447df1f0d4","local_time":"20220622165530","score_breakdown":["Floors Climbed (36): 180","Enemies Slain (13): 26","Exordium Elites Killed (2): 20","City Elites Killed (1): 20","Beyond Elites Killed (0): 0","Bosses Slain (2): 150","Well Fed: 25","Ascension (20): 396"],"is_ascension_mode":true,"campfire_choices":[{"floor":8,"key":"DIG"},{"floor":10,"key":"DIG"},{"floor":15,"key":"DIG"},{"floor":23,"key":"DIG"},{"floor":25,"key":"DIG"},{"floor":32,"key":"REST"}],"neow_cost":"TEN_PERCENT_HP_LOSS","seed_source_timestamp":3398793269685900,"shop_contents":[{"floor":13,"relics":["Regal Pillow","Vajra","PrismaticShard"],"cards":["Rampage","Carnage","Shrug It Off","Intimidate","Feel No Pain"],"potions":["Dexterity Potion","Energy Potion","SteroidPotion"]},{"floor":24,"relics":["Red Skull","Mummified Hand","Brimstone"],"cards":["Thunderclap","Pummel","Rage","Havoc","Inflame","Dark Shackles"],"potions":["Strength Potion","EssenceOfSteel","DuplicationPotion"]},{"floor":28,"relics":["Pen Nib","Frozen Egg 2","Medical Kit"],"cards":["Wild Strike","Sword Boomerang","Shrug It Off","Flex","Evolve","Enlightenment","Thinking Ahead"],"potions":["DuplicationPotion","Block Potion","BloodPotion"]}],"circlet_count":0,"master_deck":["AscendersBane","Strike_R","Strike_R","Defend_R","Defend_R","Defend_R","Bash","Bloodletting","Pommel Strike","Inflame","Shrug It Off+1","Inflame","Apotheosis","Flash of Steel","Spot Weakness+1","Feed","Disarm","Battle Trance","True Grit+1","Master of Strategy","Shrug It Off","Whirlwind","Battle Trance","Sword Boomerang"],"potion_use_per_floor":[[],[],[],[],[],["Fire Potion"],[],[],[],[],["ColorlessPotion"],[],[],[],[],[],[],[],["ColorlessPotion"],["Explosive Potion"],[],[],[],[],[],[],["SpeedPotion"],[],["ColorlessPotion"],[],[],[],[],[],[],["Strength Potion","Fruit Juice"]],"relics":["Burning Blood","Shovel","Bloody Idol","Darkstone Periapt","Bag of Marbles","Blood Vial","CeramicFish","Potion Belt","Ornamental Fan","Fusion Hammer","Nunchaku","Bronze Scales","War Paint","The Courier","Empty Cage"],"potions_floor_usage":[6,11,19,20,27,29,36,36],"damage_taken":[{"damage":2,"enemies":"Cultist","floor":1,"turns":4},{"damage":12,"enemies":"Small Slimes","floor":2,"turns":5},{"damage":4,"enemies":"Jaw Worm","floor":3,"turns":4},{"damage":8,"enemies":"Gremlin Nob","floor":6,"turns":3},{"damage":20,"enemies":"Lagavulin","floor":11,"turns":6},{"damage":14,"enemies":"2 Fungi Beasts","floor":12,"turns":4},{"damage":6,"enemies":"Exordium Thugs","floor":14,"turns":5},{"damage":29,"enemies":"Hexaghost","floor":16,"turns":7},{"damage":10,"enemies":"Chosen","floor":18,"turns":5},{"damage":5,"enemies":"2 Thieves","floor":19,"turns":3},{"damage":8,"enemies":"Centurion and Healer","floor":20,"turns":6},{"damage":29,"enemies":"Chosen and Byrds","floor":21,"turns":6},{"damage":9,"enemies":"Cultist and Chosen","floor":22,"turns":8},{"damage":30,"enemies":"Gremlin Leader","floor":27,"turns":5},{"damage":19,"enemies":"Snake Plant","floor":29,"turns":5},{"damage":7,"enemies":"Centurion and Healer","floor":30,"turns":4},{"damage":32,"enemies":"Champ","floor":33,"turns":12},{"damage":18,"enemies":"3 Darklings","floor":35,"turns":5},{"damage":104,"enemies":"2 Orb Walkers","floor":36,"turns":5}],"seed_played":"657329161012464783","neow_bonus_log":{"cardsObtained":[],"cardsUpgraded":[],"cardsRemoved":[],"cardsTransformed":[],"relicsObtained":["Shovel"],"maxHpGained":0,"goldGained":0,"damageTaken":0,"goldLost":0,"maxHpLost":7},"potions_obtained":[{"floor":2,"key":"SpeedPotion"},{"floor":3,"key":"Fire Potion"},{"floor":6,"key":"ColorlessPotion"},{"floor":14,"key":"ColorlessPotion"},{"floor":16,"key":"Strength Potion"},{"floor":19,"key":"Explosive Potion"},{"floor":22,"key":"Dexterity Potion"},{"floor":27,"key":"ColorlessPotion"},{"floor":35,"key":"Fruit Juice"}],"is_trial":false,"path_per_floor":["M","M","M","?","?","E","T","R","T","R","E","M","$","M","R","B",null,"M","M","M","M","M","R","$","R","T","E","$","M","M","?","R","B",null,"M","?"],"character_chosen":"IRONCLAD","items_purchased":["Apotheosis","Flash of Steel","Master of Strategy","Whirlwind"],"campfire_rested":1,"item_purchase_floors":[13,13,24,28],"current_hp_per_floor":[68,62,64,64,62,60,60,60,60,60,48,42,42,44,44,23,52,54,57,61,44,47,47,47,47,47,29,29,22,27,27,54,39,80,84,0],"gold":163,"neow_bonus":"ONE_RARE_RELIC","is_prod":false,"is_daily":false,"rewards_skipped":[],"chose_seed":false,"campfire_upgraded":0,"win_rate":0,"floor_exit_playtime":[165,231,301,313,317,398,406,412,419,428,521,568,659,736,745,886,997,1064,1123,1198,1264,1391,1400,1500,1504,1508,1611,1630,1733,1799,1823,1832,2062,2114,2226],"timestamp":1655931330,"blue_key_relic_skipped_log":{"floor":9,"relicID":"Juzu Bracelet"},"path_taken":["M","M","M","?","?","E","?","R","T","R","E","M","$","M","R","BOSS","M","M","M","M","M","R","$","R","T","E","$","M","M","?","R","BOSS","M","?"],"build_version":"2022-03-07","purchased_purges":2,"victory":false,"max_hp_per_floor":[68,68,68,68,62,62,62,62,62,62,62,62,62,62,62,62,62,66,66,70,74,78,78,78,78,78,82,82,86,90,90,90,94,94,98,103],"relic_stats":{"Darkstone Periapt":0,"counters":[19,102],"CeramicFish":126,"The Courier":27,"War Paint":["Spot Weakness","Shrug It Off"],"Burning Blood":104,"Blood Vial":30,"Nunchaku":[6],"Shovel":5,"Ornamental Fan":[60],"Bloody Idol":15,"Bronze Scales":[89],"obtain_stats":[{"Darkstone Periapt":6,"Potion Belt":11,"Golden Idol":5,"CeramicFish":10,"The Courier":27,"War Paint":26,"Empty Cage":34,"Burning Blood":0,"Blood Vial":8,"Nunchaku":23,"Shovel":0,"Ornamental Fan":15,"Bronze Scales":25,"Bloody Idol":31,"Fusion Hammer":17,"Bag of Marbles":7},{"Darkstone Periapt":4,"Potion Belt":5,"Golden Idol":3,"CeramicFish":4,"The Courier":14,"War Paint":13,"Empty Cage":17,"Burning Blood":0,"Blood Vial":4,"Nunchaku":13,"Shovel":0,"Ornamental Fan":7,"Bronze Scales":13,"Bloody Idol":16,"Fusion Hammer":8,"Bag of Marbles":4},{"Darkstone Periapt":16,"Potion Belt":22,"Golden Idol":13,"CeramicFish":16,"The Courier":71,"War Paint":66,"Empty Cage":92,"Burning Blood":0,"Blood Vial":16,"Nunchaku":66,"Shovel":0,"Ornamental Fan":31,"Bronze Scales":66,"Bloody Idol":80,"Fusion Hammer":38,"Bag of Marbles":16}]},"card_choices":[{"not_picked":["Clash","Warcry"],"picked":"Bloodletting","floor":1},{"not_picked":["Clothesline","Armaments"],"picked":"Pommel Strike","floor":2},{"not_picked":["Power Through","Heavy Blade"],"picked":"Inflame","floor":3},{"not_picked":["Metallicize","Power Through","Heavy Blade"],"picked":"SKIP","floor":6},{"not_picked":["Barricade","Metallicize"],"picked":"Shrug It Off","floor":11},{"not_picked":["Perfected Strike","Rampage"],"picked":"Inflame","floor":12},{"not_picked":["Wild Strike","Cleave"],"picked":"Spot Weakness","floor":14},{"not_picked":["Corruption","Fiend Fire"],"picked":"Feed","floor":16},{"not_picked":["Twin Strike","Armaments"],"picked":"Disarm","floor":18},{"not_picked":["Headbutt","Armaments"],"picked":"Battle Trance","floor":20},{"not_picked":["Rupture","Flex","Warcry"],"picked":"SKIP","floor":21},{"not_picked":["Juggernaut","Armaments"],"picked":"True Grit+1","floor":22},{"not_picked":["Fire Breathing","Inflame"],"picked":"Shrug It Off","floor":27},{"not_picked":["Anger","Wild Strike+1","True Grit"],"picked":"SKIP","floor":29},{"not_picked":["Anger","Wild Strike+1","True Grit"],"picked":"SKIP","floor":29},{"not_picked":["Searing Blow","Heavy Blade"],"picked":"Battle Trance","floor":30},{"not_picked":["Anger","Inflame"],"picked":"Sword Boomerang","floor":35}],"player_experience":7227226,"relics_obtained":[{"floor":6,"key":"Darkstone Periapt"},{"floor":7,"key":"Bag of Marbles"},{"floor":8,"key":"Blood Vial"},{"floor":10,"key":"CeramicFish"},{"floor":11,"key":"Potion Belt"},{"floor":15,"key":"Ornamental Fan"},{"floor":23,"key":"Nunchaku"},{"floor":25,"key":"Bronze Scales"},{"floor":26,"key":"War Paint"},{"floor":27,"key":"The Courier"}],"event_choices":[{"damage_healed":0,"gold_gain":0,"player_choice":"Ignored","damage_taken":0,"max_hp_gain":0,"max_hp_loss":0,"event_name":"Liars Game","floor":4,"gold_loss":0},{"damage_healed":0,"gold_gain":0,"player_choice":"Lose Max HP","damage_taken":0,"relics_obtained":["Golden Idol"],"max_hp_gain":0,"max_hp_loss":6,"event_name":"Golden Idol","floor":5,"gold_loss":0},{"damage_healed":0,"gold_gain":0,"player_choice":"Gave Idol","damage_taken":0,"relics_obtained":["Bloody Idol"],"max_hp_gain":0,"max_hp_loss":0,"event_name":"Forgotten Altar","floor":31,"relics_lost":["Golden Idol"],"gold_loss":0},{"damage_healed":0,"gold_gain":0,"player_choice":"Fight","damage_taken":0,"max_hp_gain":0,"max_hp_loss":0,"event_name":"Mysterious Sphere","floor":36,"gold_loss":0}],"is_beta":false,"boss_relics":[{"not_picked":["Calling Bell","Black Blood"],"picked":"Fusion Hammer"},{"not_picked":["Mark of Pain","Black Star"],"picked":"Empty Cage"}],"items_purged_floors":[24,28],"is_endless":false,"potions_floor_spawned":[2,3,6,14,16,19,22,27,35],"killed_by":"2 Orb Walkers","ascension_level":20,"potion_discard_per_floor":[[],[],[],[],[],[],[],[],[],[],[],[],[],[],[],[],[],[],[],[],[],[],[],[],[],[],[],[],[],[],[],[],[],[],[],[]]}