{"neow_bonuses_skipped_log":["HUNDRED_GOLD","TWENTY_PERCENT_HP_BONUS","BOSS_RELIC"],"neow_costs_skipped_log":["NONE","PERCENT_DAMAGE","NONE"],"gold_per_floor":[115,133,151,226,245,245,271,286,286,297,324,324,289,324,324,402,402,415,415,41,54,84,84,115,115,140,140,157,188,188,216,216,290,290,304,304,316,331,117,142,142,156,237,118,152,152,183,201,201,201,201,201,201,39,64,64],"floor_reached":57,"playtime":5936,"items_purged":["Defend_R","Strike_R","Strike_R"],"score":2891,"play_id":"c4faf823-3fef-49ae-a531-ce64f9e6e02f","local_time":"20220618135336","score_breakdown":["Floors Climbed (57): 285","Enemies Slain (14): 28","Exordium Elites Killed (2): 20","City Elites Killed (3): 60","Beyond Elites Killed (3): 90","Bosses Slain (5): 750","Librarian: 25","Champion (2): 50","Overkill: 25","Ascension (20): 1308","Heartbreaker: 250"],"is_ascension_mode":true,"campfire_choices":[{"data":"Inflame","floor":6,"key":"SMITH"},{"data":"1","floor":12,"key":"LIFT"},{"floor":15,"key":"REST"},{"data":"2","floor":23,"key":"LIFT"},{"data":"3","floor":27,"key":"LIFT"},{"floor":32,"key":"RECALL"},{"floor":46,"key":"REST"},{"floor":49,"key":"REST"},{"floor":53,"key":"REST"}],"neow_cost":"NONE","seed_source_timestamp":3038645499482100,"shop_contents":[{"floor":20,"relics":["CeramicFish","Molten Egg 2","Cauldron"],"cards":["Wild Strike","Pommel Strike","Havoc","Warcry","Rupture","Blind","Transmutation"],"potions":["Regen Potion","Strength Potion","Strength Potion"]},{"floor":39,"relics":["Oddly Smooth Stone","Centennial Puzzle","Art of War"],"cards":["Whirlwind","Searing Blow","Battle Trance+1","Warcry+1","Metallicize","Discovery+1","Transmutation+1"],"potions":["Fruit Juice","BlessingOfTheForge","Fire Potion"]},{"floor":44,"relics":["Akabeko","Red Skull","Toolbox"],"cards":["Carnage","Hemokinesis","Burning Pact+1","Warcry+1","Fire Breathing","Purity+1","Chrysalis+1"],"potions":["Swift Potion","Ancient Potion","Energy Potion"]},{"floor":54,"relics":["Pen Nib","Gremlin Horn","OrangePellets"],"cards":["Body Slam","Fiend Fire","Shrug It Off+1","Flame Barrier+1","Dark Embrace","Discovery+1","Panache"],"potions":["Block Potion","ColorlessPotion","Swift Potion"]}],"circlet_count":0,"master_deck":["AscendersBane","Strike_R","Strike_R","Defend_R+1","Defend_R","Defend_R","Bash","Discovery","Inflame+1","True Grit","Shrug It Off","Cleave","Battle Trance+1","Limit Break","Iron Wave","Reaper","Thunderclap","Uppercut","Dark Embrace+1","Spot Weakness","Thunderclap","Headbutt+1","Carnage","Burning Pact+1","Offering+1","Sentinel+1","Master of Strategy+1","Violence+1","Secret Weapon+1","Sword Boomerang","Parasite","True Grit+1","Impervious+1","Sword Boomerang","Exhume+1","Feel No Pain+1","Reaper","Havoc+1","Rage+1"],"potion_use_per_floor":[[],[],[],[],[],[],["Block Potion"],["SteroidPotion"],[],["Regen Potion"],[],[],[],[],[],[],[],[],[],[],[],["Explosive Potion"],[],["AttackPotion"],[],[],[],[],[],[],[],[],[],[],[],[],[],[],[],["SneckoOil"],[],[],[],[],[],[],[],[],[],[],[],[],[],[],["AttackPotion"],["BlessingOfTheForge"],[]],"relics":["Burning Blood","Champion Belt","Girya","Odd Mushroom","The Courier","Fusion Hammer","MutagenicStrength","FossilizedHelix","Red Mask","Unceasing Top","War Paint","Bag of Marbles","Toxic Egg 2","Runic Dome","Frozen Eye","Du-Vu Doll","Smiling Mask","Ornamental Fan","Toy Ornithopter"],"potions_floor_usage":[7,8,10,22,24,40,55,56],"damage_taken":[{"damage":2,"enemies":"2 Louse","floor":1,"turns":2},{"damage":4,"enemies":"Small Slimes","floor":2,"turns":4},{"damage":9,"enemies":"Jaw Worm","floor":3,"turns":5},{"damage":8,"enemies":"Blue Slaver","floor":5,"turns":4},{"damage":21,"enemies":"Lagavulin","floor":7,"turns":6},{"damage":21,"enemies":"Large Slime","floor":8,"turns":7},{"damage":31,"enemies":"Exordium Thugs","floor":10,"turns":10},{"damage":5,"enemies":"The Mushroom Lair","floor":11,"turns":3},{"damage":24,"enemies":"Gremlin Nob","floor":14,"turns":4},{"damage":16,"enemies":"The Guardian","floor":16,"turns":13},{"damage":27,"enemies":"3 Byrds","floor":18,"turns":4},{"damage":3,"enemies":"2 Thieves","floor":21,"turns":3},{"damage":17,"enemies":"Masked Bandits","floor":22,"turns":4},{"damage":4,"enemies":"Slavers","floor":24,"turns":3},{"damage":0,"enemies":"Sentry and Sphere","floor":28,"turns":3},{"damage":8,"enemies":"Gremlin Leader","floor":29,"turns":6},{"damage":5,"enemies":"Slavers","floor":31,"turns":2},{"damage":29,"enemies":"Collector","floor":33,"turns":6},{"damage":0,"enemies":"3 Darklings","floor":35,"turns":2},{"damage":0,"enemies":"Orb Walker","floor":37,"turns":1},{"damage":9,"enemies":"Writhing Mass","floor":38,"turns":4},{"damage":16,"enemies":"Nemesis","floor":40,"turns":3},{"damage":0,"enemies":"3 Darklings","floor":42,"turns":2},{"damage":0,"enemies":"Reptomancer","floor":45,"turns":2},{"damage":6,"enemies":"Nemesis","floor":47,"turns":5},{"damage":0,"enemies":"Transient","floor":48,"turns":5},{"damage":22,"enemies":"Time Eater","floor":50,"turns":6},{"damage":57,"enemies":"Donu and Deca","floor":51,"turns":6},{"damage":45,"enemies":"Shield and Spear","floor":55,"turns":4},{"damage":128,"enemies":"The Heart","floor":56,"turns":8}],"seed_played":"-2761188585961106392","neow_bonus_log":{"cardsObtained":[],"cardsUpgraded":[],"cardsRemoved":[],"cardsTransformed":[],"relicsObtained":[],"maxHpGained":0,"goldGained":0,"damageTaken":0,"goldLost":0,"maxHpLost":0},"potions_obtained":[{"floor":1,"key":"SteroidPotion"},{"floor":5,"key":"Block Potion"},{"floor":7,"key":"Regen Potion"},{"floor":16,"key":"Explosive Potion"},{"floor":22,"key":"BlessingOfTheForge"},{"floor":29,"key":"SneckoOil"},{"floor":40,"key":"SmokeBomb"},{"floor":42,"key":"SneckoOil"},{"floor":48,"key":"AttackPotion"},{"floor":55,"key":"FairyPotion"}],"is_trial":false,"path_per_floor":["M","M","M","?","M","R","E","M","T","M","?","R","?","E","R","B",null,"M","?","$","M","?","R","E","?","T","R","M","E","?","E","R","B",null,"M","?","M","M","$","E","?","M","T","$","E","R","E","M","R","B","B",null,"R","$","E","B",null],"character_chosen":"IRONCLAD","items_purchased":["FossilizedHelix","AttackPotion","Frozen Eye","Exhume+1","Reaper","Havoc+1"],"campfire_rested":4,"item_purchase_floors":[20,20,39,44,54,54],"current_hp_per_floor":[72,74,71,60,58,58,43,28,28,18,19,19,37,19,41,31,64,73,73,73,75,72,72,74,74,74,74,75,75,75,75,75,75,75,75,65,75,75,75,75,75,75,75,75,75,75,75,75,75,75,75,75,75,75,75,44],"gold":64,"neow_bonus":"RANDOM_COLORLESS","is_prod":false,"is_daily":false,"rewards_skipped":[{"floor":31,"relics":[],"potions":["BlessingOfTheForge"]}],"chose_seed":false,"campfire_upgraded":1,"win_rate":0,"floor_exit_playtime":[599,720,826,847,919,937,1156,1309,1321,1465,1545,1552,1556,1699,1705,1938,2104,2243,2278,2373,2437,2591,2597,2698,2729,2751,2756,2831,2929,2939,3051,3057,3277,3441,3513,3618,3663,3792,3860,4010,4035,4073,4076,4187,4315,4321,4461,4646,4651,4876,5077,5100,5105,5224,5453,5936],"timestamp":1655574816,"blue_key_relic_skipped_log":{"floor":43,"relicID":"Question Card"},"path_taken":["M","M","M","?","M","R","E","M","T","M","?","R","?","E","R","BOSS","M","?","$","M","?","R","E","?","T","R","M","E","?","E","R","BOSS","M","?","M","M","$","E","?","?","T","?","E","R","E","M","R","BOSS","BOSS","R","$","E","BOSS"],"build_version":"2022-03-07","purchased_purges":3,"victory":true,"max_hp_per_floor":[75,75,75,75,75,75,75,75,75,75,75,75,75,75,75,75,75,75,75,75,75,75,75,75,75,75,75,75,75,75,75,75,75,75,75,75,75,75,75,75,75,75,75,75,75,75,75,75,75,75,75,75,75,75,75,75],"relic_stats":{"Girya":3,"counters":[30,137],"The Courier":230,"War Paint":["Defend_R","Battle Trance"],"Smiling Mask":50,"Burning Blood":103,"Frozen Eye":328.07138,"Ornamental Fan":[48],"Champion Belt":[94],"obtain_stats":[{"Girya":9,"The Courier":14,"Odd Mushroom":11,"War Paint":26,"Smiling Mask":45,"Burning Blood":0,"Du-Vu Doll":40,"Runic Dome":34,"Frozen Eye":39,"Ornamental Fan":47,"MutagenicStrength":19,"Fusion Hammer":17,"Red Mask":22,"Bag of Marbles":29,"Champion Belt":7,"Toxic Egg 2":31,"FossilizedHelix":20,"Unceasing Top":24,"Toy Ornithopter":55},{"Girya":6,"The Courier":9,"Odd Mushroom":8,"War Paint":14,"Smiling Mask":24,"Burning Blood":0,"Du-Vu Doll":22,"Runic Dome":18,"Frozen Eye":21,"Ornamental Fan":25,"MutagenicStrength":11,"Fusion Hammer":10,"Red Mask":13,"Bag of Marbles":16,"Champion Belt":5,"Toxic Egg 2":17,"FossilizedHelix":11,"Unceasing Top":14,"Toy Ornithopter":29},{"Girya":28,"The Courier":45,"Odd Mushroom":41,"War Paint":72,"Smiling Mask":103,"Burning Blood":0,"Du-Vu Doll":99,"Runic Dome":89,"Frozen Eye":96,"Ornamental Fan":108,"MutagenicStrength":62,"Fusion Hammer":58,"Red Mask":69,"Bag of Marbles":81,"Champion Belt":21,"Toxic Egg 2":83,"FossilizedHelix":62,"Unceasing Top":72,"Toy Ornithopter":129}],"FossilizedHelix":[100],"Unceasing Top":[1],"Toy Ornithopter":5},"card_choices":[{"not_picked":["Panacea","Trip"],"picked":"Discovery","floor":0},{"not_picked":["Body Slam","Pommel Strike"],"picked":"Inflame","floor":1},{"not_picked":["Rampage","Heavy Blade"],"picked":"True Grit","floor":2},{"not_picked":["Perfected Strike","Body Slam"],"picked":"Shrug It Off","floor":3},{"not_picked":["Flex","Iron Wave"],"picked":"Cleave","floor":5},{"not_picked":["Heavy Blade","Pummel"],"picked":"Battle Trance","floor":7},{"not_picked":["Sever Soul","Ghostly Armor","Flex"],"picked":"SKIP","floor":8},{"not_picked":["Pommel Strike","Dark Embrace"],"picked":"Limit Break","floor":10},{"not_picked":["Shrug It Off","Wild Strike"],"picked":"Iron Wave","floor":11},{"not_picked":["Havoc","Iron Wave","Wild Strike"],"picked":"SKIP","floor":14},{"not_picked":["Impervious","Demon Form"],"picked":"Reaper","floor":16},{"not_picked":["Disarm","Clash"],"picked":"Thunderclap","floor":18},{"not_picked":["Reckless Charge","Body Slam"],"picked":"Uppercut","floor":21},{"not_picked":["Body Slam","Sword Boomerang"],"picked":"Dark Embrace+1","floor":22},{"not_picked":["Iron Wave","Wild Strike"],"picked":"Spot Weakness","floor":24},{"not_picked":["Shockwave","Carnage"],"picked":"Thunderclap","floor":28},{"not_picked":["True Grit","Havoc"],"picked":"Headbutt+1","floor":29},{"not_picked":["Second Wind+1","Dropkick"],"picked":"Burning Pact+1","floor":31},{"not_picked":["Fiend Fire","Berserk"],"picked":"Offering+1","floor":33},{"not_picked":["Clash","Whirlwind"],"picked":"Sentinel+1","floor":35},{"not_picked":["Secret Technique+1","Transmutation+1"],"picked":"Master of Strategy+1","floor":36},{"not_picked":["Madness+1","Flash of Steel"],"picked":"Violence+1","floor":36},{"not_picked":["Magnetism","Thinking Ahead+1"],"picked":"Secret Weapon+1","floor":36},{"not_picked":["Perfected Strike","Pommel Strike"],"picked":"Sword Boomerang","floor":37},{"not_picked":["Twin Strike+1","Rampage"],"picked":"True Grit+1","floor":38},{"not_picked":["Flex+1","Hemokinesis"],"picked":"Impervious+1","floor":40},{"not_picked":["Warcry+1","Hemokinesis"],"picked":"Sword Boomerang","floor":42},{"not_picked":["Iron Wave","Headbutt","Hemokinesis"],"picked":"SKIP","floor":45},{"not_picked":["Blood for Blood","Clash"],"picked":"Feel No Pain+1","floor":47},{"not_picked":["Perfected Strike","Twin Strike","Rage+1"],"picked":"SKIP","floor":48},{"not_picked":["Perfected Strike","Armaments+1"],"picked":"Rage+1","floor":55}],"player_experience":7202942,"relics_obtained":[{"floor":7,"key":"Champion Belt"},{"floor":9,"key":"Girya"},{"floor":11,"key":"Odd Mushroom"},{"floor":14,"key":"The Courier"},{"floor":22,"key":"Red Mask"},{"floor":24,"key":"Unceasing Top"},{"floor":26,"key":"War Paint"},{"floor":29,"key":"Bag of Marbles"},{"floor":31,"key":"Toxic Egg 2"},{"floor":40,"key":"Du-Vu Doll"},{"floor":45,"key":"Smiling Mask"},{"floor":47,"key":"Ornamental Fan"},{"floor":55,"key":"Toy Ornithopter"}],"event_choices":[{"damage_healed":0,"gold_gain":75,"player_choice":"Gather Gold","damage_taken":11,"max_hp_gain":0,"max_hp_loss":0,"event_name":"World of Goop","floor":4,"gold_loss":0},{"damage_healed":0,"gold_gain":0,"player_choice":"Fought Mushrooms","damage_taken":0,"max_hp_gain":0,"max_hp_loss":0,"event_name":"Mushrooms","floor":11,"gold_loss":0},{"damage_healed":18,"gold_gain":0,"player_choice":"Healed","damage_taken":0,"max_hp_gain":0,"max_hp_loss":0,"event_name":"The Cleric","floor":13,"gold_loss":35},{"damage_healed":0,"gold_gain":0,"player_choice":"Inject Mutagens","damage_taken":0,"relics_obtained":["MutagenicStrength"],"max_hp_gain":0,"max_hp_loss":0,"event_name":"Drug Dealer","floor":19,"gold_loss":0},{"damage_healed":0,"gold_gain":0,"player_choice":"Fought Bandits","damage_taken":0,"max_hp_gain":0,"max_hp_loss":0,"event_name":"Masked Bandits","floor":22,"gold_loss":0},{"damage_healed":0,"gold_gain":0,"player_choice":"Ignored","damage_taken":0,"max_hp_gain":0,"max_hp_loss":0,"event_name":"The Mausoleum","floor":25,"gold_loss":0},{"damage_healed":0,"gold_gain":0,"cards_transformed":["Strike_R"],"player_choice":"Transformed","damage_taken":0,"max_hp_gain":0,"max_hp_loss":0,"event_name":"Transmorgrifier","floor":30,"gold_loss":0,"cards_obtained":["Carnage"]},{"damage_healed":0,"gold_gain":0,"player_choice":"Memory 3","damage_taken":10,"max_hp_gain":0,"max_hp_loss":0,"event_name":"SensoryStone","floor":36,"gold_loss":0},{"damage_healed":0,"gold_gain":0,"player_choice":"0 cards matched","damage_taken":0,"max_hp_gain":0,"max_hp_loss":0,"event_name":"Match and Keep!","floor":41,"gold_loss":0,"cards_obtained":[]}],"is_beta":false,"boss_relics":[{"not_picked":["Busted Crown","Black Blood"],"picked":"Fusion Hammer"},{"not_picked":["Mark of Pain","Philosopher\u0027s Stone"],"picked":"Runic Dome"}],"items_purged_floors":[20,39,54],"is_endless":false,"potions_floor_spawned":[1,5,7,16,22,29,31,40,42,48,55],"ascension_level":20,"potion_discard_per_floor":[[],[],[],[],[],[],[],[],[],[],[],[],[],[],[],[],[],[],[],[],[],[],[],[],[],[],[],[],[],[],[],[],[],[],[],[],[],[],[],[],[],["SmokeBomb"],[],[],[],[],[],["SneckoOil"],[],[],[],[],[],[],[],[],[]]}