{"neow_bonuses_skipped_log":["UPGRADE_CARD","TWENTY_PERCENT_HP_BONUS","BOSS_RELIC"],"neow_costs_skipped_log":["NONE","PERCENT_DAMAGE","NONE"],"gold_per_floor":[111,125,137,137,137,137,150,185,210,248,267,286,326,349,349,444,444,460,460,460,45,96,96,141,141,165,200,200,255,255,315,315,412,412,423,490,390,390,402,430,516,551,577,108,173,213,293,308,308,333,358],"floor_reached":51,"playtime":4430,"items_purged":["Strike_R","Bludgeon","Immolate"],"score":1769,"play_id":"71013dcf-caa9-4c6a-a3b3-c4e2fe726c0b","local_time":"20220701180043","score_breakdown":["Floors Climbed (51): 255","Enemies Slain (16): 32","Exordium Elites Killed (3): 30","City Elites Killed (2): 40","Beyond Elites Killed (3): 90","Bosses Slain (3): 300","Money Money (1292): 25","Champion (2): 50","Perfect (1): 50","Overkill: 25","Ascension (20): 872"],"is_ascension_mode":true,"campfire_choices":[{"data":"Hemokinesis","floor":6,"key":"SMITH"},{"data":"Inflame","floor":15,"key":"SMITH"},{"data":"HandOfGreed","floor":23,"key":"SMITH"},{"data":"Immolate","floor":25,"key":"SMITH"},{"data":"Pommel Strike","floor":28,"key":"SMITH"},{"data":"Limit Break","floor":32,"key":"SMITH"},{"floor":49,"key":"RECALL"}],"neow_cost":"NONE","seed_source_timestamp":4178176281938200,"shop_contents":[{"floor":21,"relics":["Happy Flower","Bird Faced Urn"],"cards":["Wild Strike","Headbutt","Seeing Red","Rage","Fire Breathing","Blind"],"potions":["Explosive Potion","EntropicBrew","GamblersBrew"]},{"floor":37,"relics":["Charon\u0027s Ashes","Red Skull","Brimstone"],"cards":["Cleave","Rampage","Sentinel","Armaments","Inflame","Deep Breath","Violence"],"potions":["SpeedPotion","Swift Potion","BlessingOfTheForge"]},{"floor":44,"relics":["Strawberry","Frozen Eye"],"cards":["Sever Soul","Carnage","Infernal Blade","Shockwave","Evolve","Secret Technique"],"potions":["Fruit Juice","Weak Potion"]}],"circlet_count":0,"master_deck":["AscendersBane","Bash","Hemokinesis+1","Ghostly Armor","Headbutt","Second Wind+1","Immolate+1","Sword Boomerang","Inflame+1","Offering","Rupture+1","Ghostly","Ghostly","Ghostly","HandOfGreed+1","Pommel Strike+1","Limit Break+1","J.A.X.","Barricade","Feed","Reckless Charge","Sword Boomerang","Battle Trance","Headbutt","Disarm","Whirlwind","Shrug It Off","Dark Shackles","Entrench+1"],"potion_use_per_floor":[[],[],[],[],[],[],[],["CultistPotion"],[],["Explosive Potion"],[],[],["PowerPotion"],[],[],["Regen Potion"],[],[],[],[],[],[],[],[],[],[],[],[],["Fire Potion"],[],[],[],[],[],[],[],[],[],[],[],[],["Swift Potion","EntropicBrew","GamblersBrew"],[],[],[],[],[],[],[],["Swift Potion"],["DuplicationPotion","PowerPotion"]],"relics":["Burning Blood","Boot","Bloody Idol","Tiny Chest","Nunchaku","Vajra","Anchor","Coffee Dripper","Sling","War Paint","Blood Vial","Omamori","Pandora\u0027s Box","WarpedTongs","Turnip","Orichalcum","CeramicFish","Potion Belt","Frozen Egg 2","Eternal Feather"],"potions_floor_usage":[8,10,13,16,29,42,42,42,50,51,51],"damage_taken":[{"damage":4,"enemies":"Small Slimes","floor":1,"turns":4},{"damage":3,"enemies":"Cultist","floor":2,"turns":3},{"damage":4,"enemies":"Jaw Worm","floor":3,"turns":3},{"damage":4,"enemies":"Large Slime","floor":7,"turns":5},{"damage":34,"enemies":"Gremlin Nob","floor":8,"turns":4},{"damage":17,"enemies":"3 Sentries","floor":10,"turns":4},{"damage":9,"enemies":"Exordium Wildlife","floor":11,"turns":2},{"damage":4,"enemies":"Lots of Slimes","floor":12,"turns":2},{"damage":6,"enemies":"Lagavulin","floor":13,"turns":7},{"damage":1,"enemies":"Looter","floor":14,"turns":3},{"damage":31,"enemies":"Hexaghost","floor":16,"turns":8},{"damage":14,"enemies":"Shell Parasite","floor":18,"turns":3},{"damage":2,"enemies":"Spheric Guardian","floor":24,"turns":3},{"damage":9,"enemies":"Snecko","floor":27,"turns":5},{"damage":2,"enemies":"Gremlin Leader","floor":29,"turns":6},{"damage":5,"enemies":"Slavers","floor":31,"turns":3},{"damage":32,"enemies":"Champ","floor":33,"turns":7},{"damage":8,"enemies":"3 Darklings","floor":35,"turns":5},{"damage":2,"enemies":"3 Shapes","floor":36,"turns":7},{"damage":9,"enemies":"Spire Growth","floor":39,"turns":5},{"damage":9,"enemies":"Nemesis","floor":40,"turns":3},{"damage":23,"enemies":"4 Shapes","floor":41,"turns":6},{"damage":42,"enemies":"Giant Head","floor":42,"turns":5},{"damage":8,"enemies":"Jaw Worm Horde","floor":45,"turns":4},{"damage":2,"enemies":"Nemesis","floor":46,"turns":5},{"damage":8,"enemies":"Maw","floor":48,"turns":5},{"damage":4,"enemies":"Time Eater","floor":50,"turns":7},{"damage":68,"enemies":"Awakened One","floor":51,"turns":6}],"seed_played":"5858545717991043024","neow_bonus_log":{"cardsObtained":[],"cardsUpgraded":[],"cardsRemoved":[],"cardsTransformed":[],"relicsObtained":["Boot"],"maxHpGained":0,"goldGained":0,"damageTaken":0,"goldLost":0,"maxHpLost":0},"potions_obtained":[{"floor":3,"key":"PowerPotion"},{"floor":5,"key":"Explosive Potion"},{"floor":5,"key":"CultistPotion"},{"floor":10,"key":"PowerPotion"},{"floor":12,"key":"Regen Potion"},{"floor":14,"key":"Fire Potion"},{"floor":16,"key":"EntropicBrew"},{"floor":29,"key":"SmokeBomb"},{"floor":36,"key":"SneckoOil"},{"floor":39,"key":"CultistPotion"},{"floor":41,"key":"Swift Potion"},{"floor":42,"key":"Swift Potion"}],"is_trial":false,"path_per_floor":["M","M","M","?","?","R","M","E","T","E","M","M","E","M","R","B",null,"M","?","?","$","T","R","M","R","T","M","R","E","?","E","R","B",null,"M","M","$","?","M","E","M","E","T","$","M","E","T","M","R","B","B"],"character_chosen":"IRONCLAD","items_purchased":["HandOfGreed","Sling","Potion Belt","DuplicationPotion","Dark Shackles"],"campfire_rested":0,"item_purchase_floors":[21,21,44,44,44],"current_hp_per_floor":[70,73,75,68,68,68,68,40,40,29,26,28,28,33,33,22,57,49,34,34,34,34,34,34,34,34,34,34,34,34,34,34,18,30,37,40,40,40,44,44,45,16,21,26,44,50,50,53,53,53,0],"gold":358,"neow_bonus":"RANDOM_COMMON_RELIC","is_prod":false,"is_daily":false,"rewards_skipped":[{"floor":7,"relics":[],"potions":["Energy Potion"]},{"floor":18,"relics":[],"potions":["FearPotion"]}],"chose_seed":false,"campfire_upgraded":6,"win_rate":0,"floor_exit_playtime":[282,438,500,547,577,594,690,790,794,950,1163,1242,1381,1429,1436,1616,1701,1786,1811,1831,1916,1930,1937,2033,2047,2068,2154,2167,2273,2311,2415,2447,2593,2743,2878,2981,3130,3144,3285,3369,3508,3656,3663,3711,3788,3879,3901,4001,4005,4172],"timestamp":1656712843,"blue_key_relic_skipped_log":{"floor":26,"relicID":"Toy Ornithopter"},"path_taken":["M","M","M","?","?","R","M","E","T","E","M","?","E","M","R","BOSS","M","?","?","$","?","R","?","R","T","M","R","E","?","E","R","BOSS","M","M","$","?","M","E","M","E","T","$","M","E","?","?","R","BOSS","BOSS"],"build_version":"2022-03-07","purchased_purges":3,"victory":false,"max_hp_per_floor":[75,75,75,68,68,68,68,68,68,68,68,68,68,68,68,68,68,68,34,34,34,34,34,34,34,34,34,34,34,34,34,34,34,34,37,40,40,40,44,44,47,47,47,47,50,50,50,53,53,53,53],"relic_stats":{"counters":[28,130],"CeramicFish":18,"Eternal Feather":0,"Omamori":1,"War Paint":["Second Wind","Defend_R"],"Orichalcum":[54],"Boot":[34],"Burning Blood":128,"WarpedTongs":[43],"Blood Vial":8,"Nunchaku":[18],"Bloody Idol":89,"Tiny Chest":2,"Pandora\u0027s Box":["Reckless Charge","Sword Boomerang","Immolate","Battle Trance","Headbutt","Disarm","Bludgeon","Whirlwind"],"Turnip":[5],"obtain_stats":[{"Potion Belt":44,"Golden Idol":4,"CeramicFish":43,"Vajra":10,"Eternal Feather":47,"Omamori":31,"War Paint":22,"Orichalcum":42,"Frozen Egg 2":46,"Boot":0,"Sling":21,"Burning Blood":0,"WarpedTongs":38,"Blood Vial":29,"Nunchaku":9,"Anchor":13,"Bloody Idol":20,"Tiny Chest":8,"Pandora\u0027s Box":34,"Turnip":40,"Coffee Dripper":17},{"Potion Belt":23,"Golden Idol":3,"CeramicFish":23,"Vajra":6,"Eternal Feather":25,"Omamori":16,"War Paint":12,"Orichalcum":23,"Frozen Egg 2":25,"Boot":0,"Sling":12,"Burning Blood":0,"WarpedTongs":19,"Blood Vial":15,"Nunchaku":5,"Anchor":9,"Bloody Idol":12,"Tiny Chest":5,"Pandora\u0027s Box":17,"Turnip":21,"Coffee Dripper":11},{"Potion Belt":103,"Golden Idol":10,"CeramicFish":103,"Vajra":23,"Eternal Feather":112,"Omamori":65,"War Paint":48,"Orichalcum":103,"Frozen Egg 2":112,"Boot":0,"Sling":48,"Burning Blood":0,"WarpedTongs":84,"Blood Vial":62,"Nunchaku":19,"Anchor":34,"Bloody Idol":48,"Tiny Chest":19,"Pandora\u0027s Box":72,"Turnip":92,"Coffee Dripper":45}]},"card_choices":[{"not_picked":["Twin Strike","Armaments"],"picked":"Hemokinesis","floor":1},{"not_picked":["Reckless Charge","Body Slam"],"picked":"Ghostly Armor","floor":2},{"not_picked":["Entrench","Rage"],"picked":"Headbutt","floor":3},{"not_picked":["Cleave","Reckless Charge"],"picked":"Second Wind","floor":7},{"not_picked":["Clash","Rupture"],"picked":"Immolate","floor":8},{"not_picked":["Havoc","Rampage"],"picked":"Sword Boomerang","floor":10},{"not_picked":["Iron Wave","Feel No Pain","Perfected Strike"],"picked":"SKIP","floor":11},{"not_picked":["Heavy Blade","Rage","Bludgeon"],"picked":"SKIP","floor":12},{"not_picked":["Reckless Charge","Fire Breathing","Hemokinesis"],"picked":"SKIP","floor":13},{"not_picked":["Thunderclap","Metallicize"],"picked":"Inflame","floor":14},{"not_picked":["Reaper","Impervious"],"picked":"Offering","floor":16},{"not_picked":["Iron Wave","True Grit"],"picked":"Rupture+1","floor":18},{"not_picked":["Evolve","Shrug It Off"],"picked":"Pommel Strike","floor":24},{"not_picked":["Havoc","Cleave","Headbutt"],"picked":"SKIP","floor":27},{"not_picked":["Inflame","Thunderclap"],"picked":"Limit Break","floor":29},{"not_picked":["True Grit","Armaments"],"picked":"Barricade","floor":31},{"not_picked":["Limit Break","Juggernaut"],"picked":"Feed","floor":33},{"not_picked":["Thunderclap","Second Wind+1","Flex+1"],"picked":"SKIP","floor":35},{"not_picked":["Cleave","Warcry","Infernal Blade"],"picked":"SKIP","floor":36},{"not_picked":["Fire Breathing","Second Wind","Barricade"],"picked":"SKIP","floor":40},{"not_picked":["Searing Blow","Perfected Strike","Dropkick+1"],"picked":"SKIP","floor":41},{"not_picked":["Clash","Thunderclap"],"picked":"Shrug It Off","floor":42},{"not_picked":["Perfected Strike","Wild Strike","Twin Strike+1"],"picked":"SKIP","floor":45},{"not_picked":["Carnage","Sword Boomerang+1"],"picked":"Entrench+1","floor":46},{"not_picked":["Sentinel","Twin Strike","Battle Trance"],"picked":"SKIP","floor":48}],"player_experience":7303539,"relics_obtained":[{"floor":8,"key":"Tiny Chest"},{"floor":9,"key":"Nunchaku"},{"floor":10,"key":"Vajra"},{"floor":13,"key":"Anchor"},{"floor":22,"key":"War Paint"},{"floor":29,"key":"Blood Vial"},{"floor":31,"key":"Omamori"},{"floor":40,"key":"Turnip"},{"floor":42,"key":"Orichalcum"},{"floor":43,"key":"CeramicFish"},{"floor":46,"key":"Frozen Egg 2"},{"floor":47,"key":"Eternal Feather"}],"event_choices":[{"damage_healed":0,"gold_gain":0,"player_choice":"Lose Max HP","damage_taken":0,"relics_obtained":["Golden Idol"],"max_hp_gain":0,"max_hp_loss":7,"event_name":"Golden Idol","floor":4,"gold_loss":0},{"damage_healed":0,"gold_gain":0,"player_choice":"Got Potions","damage_taken":0,"max_hp_gain":0,"max_hp_loss":0,"event_name":"Lab","floor":5,"gold_loss":0},{"damage_healed":0,"gold_gain":0,"player_choice":"Became a Ghost","damage_taken":0,"max_hp_gain":0,"max_hp_loss":34,"event_name":"Ghosts","floor":19,"gold_loss":0,"cards_obtained":["Ghostly","Ghostly","Ghostly"]},{"damage_healed":0,"gold_gain":0,"player_choice":"Gave Idol","damage_taken":0,"relics_obtained":["Bloody Idol"],"max_hp_gain":0,"max_hp_loss":0,"event_name":"Forgotten Altar","floor":20,"relics_lost":["Golden Idol"],"gold_loss":0},{"damage_healed":0,"gold_gain":0,"player_choice":"Obtain J.A.X.","damage_taken":0,"max_hp_gain":0,"max_hp_loss":0,"event_name":"Drug Dealer","floor":30,"gold_loss":0,"cards_obtained":["J.A.X."]},{"damage_healed":0,"gold_gain":0,"player_choice":"Rummage","damage_taken":0,"relics_obtained":["WarpedTongs"],"max_hp_gain":0,"max_hp_loss":0,"event_name":"Accursed Blacksmith","floor":38,"gold_loss":0,"cards_obtained":["Pain"]}],"is_beta":false,"boss_relics":[{"not_picked":["Astrolabe","Philosopher\u0027s Stone"],"picked":"Coffee Dripper"},{"not_picked":["Cursed Key","Calling Bell"],"picked":"Pandora\u0027s Box"}],"items_purged_floors":[21,37,44],"is_endless":false,"potions_floor_spawned":[3,7,10,12,14,16,18,29,36,39,41,42],"killed_by":"Awakened One","ascension_level":20,"potion_discard_per_floor":[[],[],[],[],["PowerPotion"],[],[],[],[],[],[],[],[],[],[],[],[],[],[],[],[],[],[],[],[],[],[],[],[],[],[],[],[],[],[],["SmokeBomb"],[],[],["SneckoOil"],[],["CultistPotion"],[],[],[],[],[],[],[],[],[],[]]}