{"neow_bonuses_skipped_log":["RANDOM_COLORLESS","THREE_ENEMY_KILL","BOSS_RELIC"],"neow_costs_skipped_log":["NONE","NONE","NONE"],"gold_per_floor":[363,5,58,88,128,128,181,181,181,181,210,210,237,296,296,425,425,460,150,150,162,231,231,257,296,364,103,162,206,206,251,251,323,323,386,96,96,113,190,223,235,270,270,283,283,335,335,398,398,423,473,473,473,150,206,206],"floor_reached":57,"playtime":5736,"items_purged":["Strike_R","Strike_R","Immolate","Cleave"],"score":3375,"play_id":"f1e75724-33a8-4043-8b32-2bc839b31a6e","local_time":"20220629155620","score_breakdown":["Floors Climbed (57): 285","Enemies Slain (15): 30","Exordium Elites Killed (3): 30","City Elites Killed (2): 40","Beyond Elites Killed (3): 90","Bosses Slain (5): 750","Money Money (1649): 25","Stuffed: 50","Champion (6): 150","Perfect (2): 100","Overkill: 25","C-c-c-combo: 25","Ascension (20): 1525","Heartbreaker: 250"],"is_ascension_mode":true,"campfire_choices":[{"data":"HandOfGreed","floor":6,"key":"SMITH"},{"data":"True Grit","floor":8,"key":"SMITH"},{"data":"Battle Trance","floor":10,"key":"SMITH"},{"data":"Feed","floor":15,"key":"SMITH"},{"floor":23,"key":"REST"},{"floor":32,"key":"RECALL"},{"floor":45,"key":"REST"},{"floor":49,"key":"REST"},{"floor":53,"key":"REST"}],"neow_cost":"PERCENT_DAMAGE","seed_source_timestamp":3996587199429200,"shop_contents":[{"floor":2,"relics":["Matryoshka","DollysMirror"],"cards":["Pummel","Heavy Blade","Ghostly Armor","Impervious","Metallicize","PanicButton"],"potions":["SmokeBomb","Dexterity Potion","LiquidMemories"]},{"floor":19,"relics":["Bronze Scales","Incense Burner","ClockworkSouvenir"],"cards":["Blood for Blood","Sword Boomerang","Combust+1","Trip+1","HandOfGreed"],"potions":["PowerPotion","FairyPotion","PowerPotion"]},{"floor":27,"relics":["HornCleat","Shuriken"],"cards":["Whirlwind","Body Slam","Spot Weakness+1","Havoc+1","Evolve+1","Good Instincts+1","Transmutation+1"],"potions":["SpeedPotion","Fire Potion","ColorlessPotion"]},{"floor":36,"relics":["Whetstone","Mummified Hand"],"cards":["Sever Soul","Iron Wave","Havoc+1","Exhume+1","Juggernaut+1","Impatience+1","Metamorphosis+1"],"potions":["Strength Potion","SmokeBomb","Dexterity Potion"]},{"floor":54,"relics":["Bottled Tornado","PrismaticShard"],"cards":["Anger","Pummel","Limit Break+1","Warcry+1","Fire Breathing+1","Flash of Steel","Metamorphosis+1"],"potions":["Swift Potion","Swift Potion","AttackPotion"]}],"circlet_count":0,"master_deck":["AscendersBane","Bash","Battle Trance+1","HandOfGreed+1","True Grit+1","Impervious","Offering+1","Shockwave+1","Feed+1","Berserk+1","Warcry+1","Offering+1","Burning Pact+1","Rupture+1","Entrench+1","Shrug It Off+1","Dropkick","Pommel Strike","True Grit+1","Sentinel+1","Burning Pact+1","Second Wind+1","Offering+1","Bloodletting+1","Disarm+1","Intimidate+1","Demon Form+1","True Grit+1","Berserk+1"],"potion_use_per_floor":[[],[],[],[],[],[],[],[],[],[],[],[],[],[],[],[],[],[],[],[],["Ancient Potion"],[],[],[],[],[],[],[],["Fire Potion"],[],[],[],[],[],[],[],[],[],[],[],[],[],[],[],[],[],[],[],[],[],[],[],[],[],[],["HeartOfIron","ElixirPotion","EntropicBrew","Swift Potion","ColorlessPotion","BlessingOfTheForge"],[]],"relics":["Burning Blood","Pen Nib","Bird Faced Urn","Toxic Egg 2","Frozen Egg 2","Potion Belt","Ginger","Fusion Hammer","War Paint","Sundial","Orrery","Orichalcum","Pandora\u0027s Box","OrangePellets","Thread and Needle","White Beast Statue","Mango","Omamori","Anchor","Bag of Marbles"],"potions_floor_usage":[21,29,56,56,56,56,56,56],"damage_taken":[{"damage":16,"enemies":"Jaw Worm","floor":1,"turns":5},{"damage":7,"enemies":"Small Slimes","floor":3,"turns":4},{"damage":0,"enemies":"Cultist","floor":4,"turns":4},{"damage":2,"enemies":"Blue Slaver","floor":5,"turns":6},{"damage":8,"enemies":"Gremlin Nob","floor":7,"turns":4},{"damage":6,"enemies":"Lagavulin","floor":11,"turns":4},{"damage":14,"enemies":"3 Sentries","floor":14,"turns":8},{"damage":47,"enemies":"Slime Boss","floor":16,"turns":12},{"damage":22,"enemies":"Spheric Guardian","floor":18,"turns":4},{"damage":6,"enemies":"Chosen","floor":21,"turns":3},{"damage":18,"enemies":"Sentry and Sphere","floor":22,"turns":5},{"damage":12,"enemies":"Gremlin Leader","floor":24,"turns":3},{"damage":15,"enemies":"Snecko","floor":25,"turns":5},{"damage":15,"enemies":"Book of Stabbing","floor":28,"turns":5},{"damage":20,"enemies":"Cultist and Chosen","floor":29,"turns":5},{"damage":13,"enemies":"Sentry and Sphere","floor":31,"turns":6},{"damage":12,"enemies":"Collector","floor":33,"turns":5},{"damage":4,"enemies":"3 Shapes","floor":35,"turns":7},{"damage":15,"enemies":"Orb Walker","floor":38,"turns":2},{"damage":21,"enemies":"2 Orb Walkers","floor":39,"turns":2},{"damage":12,"enemies":"Giant Head","floor":40,"turns":2},{"damage":24,"enemies":"3 Darklings","floor":41,"turns":1},{"damage":12,"enemies":"Nemesis","floor":42,"turns":5},{"damage":12,"enemies":"Maw","floor":44,"turns":3},{"damage":21,"enemies":"Reptomancer","floor":46,"turns":4},{"damage":24,"enemies":"Jaw Worm Horde","floor":48,"turns":3},{"damage":21,"enemies":"Time Eater","floor":50,"turns":7},{"damage":58,"enemies":"Awakened One","floor":51,"turns":5},{"damage":21,"enemies":"Shield and Spear","floor":55,"turns":4},{"damage":25,"enemies":"The Heart","floor":56,"turns":4}],"seed_played":"5286690948018940244","neow_bonus_log":{"cardsObtained":[],"cardsUpgraded":[],"cardsRemoved":[],"cardsTransformed":[],"relicsObtained":[],"maxHpGained":0,"goldGained":250,"damageTaken":18,"goldLost":0,"maxHpLost":0},"potions_obtained":[{"floor":5,"key":"Ancient Potion"},{"floor":7,"key":"SkillPotion"},{"floor":11,"key":"GamblersBrew"},{"floor":14,"key":"HeartOfIron"},{"floor":16,"key":"EntropicBrew"},{"floor":21,"key":"Fire Potion"},{"floor":31,"key":"FairyPotion"},{"floor":41,"key":"ElixirPotion"}],"is_trial":false,"path_per_floor":["M","$","M","M","M","R","E","R","T","R","E","?","T","E","R","B",null,"M","$","?","M","M","R","E","M","T","$","E","M","?","M","R","B",null,"M","$","?","M","?","E","M","E","T","M","R","E","?","M","R","B","B",null,"R","$","E","B",null],"character_chosen":"IRONCLAD","items_purchased":["HandOfGreed","Pen Nib","Offering+1","Burning Pact+1","Orrery","OrangePellets","Anchor"],"campfire_rested":4,"item_purchase_floors":[2,2,19,19,27,36,54],"current_hp_per_floor":[40,40,39,45,49,49,47,47,47,47,47,52,52,44,44,7,65,51,51,51,57,47,73,75,68,68,68,63,57,57,58,58,60,93,105,105,103,102,97,101,93,111,111,117,141,128,128,122,145,136,96,136,149,149,146,139],"gold":206,"neow_bonus":"TWO_FIFTY_GOLD","is_prod":false,"is_daily":false,"rewards_skipped":[{"floor":22,"relics":[],"potions":["Fire Potion"]},{"floor":35,"relics":[],"potions":["Explosive Potion"]},{"floor":39,"relics":[],"potions":["Dexterity Potion"]},{"floor":40,"relics":[],"potions":["Regen Potion"]},{"floor":42,"relics":[],"potions":["Fire Potion"]},{"floor":44,"relics":[],"potions":["GamblersBrew"]},{"floor":46,"relics":[],"potions":["AttackPotion"]},{"floor":48,"relics":[],"potions":["SkillPotion"]},{"floor":55,"relics":[],"potions":["Ancient Potion"]}],"chose_seed":false,"campfire_upgraded":4,"win_rate":0,"floor_exit_playtime":[136,253,365,429,561,603,774,787,820,832,956,964,973,1131,1160,1449,1557,1636,1725,1741,1865,2010,2014,2143,2233,2247,2438,2622,2720,2732,2914,2923,3201,3357,3473,3521,3546,3628,3770,3932,4044,4178,4186,4285,4291,4434,4453,4559,4564,4802,4995,5016,5021,5101,5281,5736],"timestamp":1656532580,"blue_key_relic_skipped_log":{"floor":43,"relicID":"Mercury Hourglass"},"path_taken":["M","$","M","M","M","R","E","R","T","R","E","?","?","E","R","BOSS","M","$","?","?","M","R","E","M","T","$","E","M","?","M","R","BOSS","M","$","?","M","?","E","M","E","T","M","R","E","?","M","R","BOSS","BOSS","R","$","E","BOSS"],"build_version":"2022-03-07","purchased_purges":4,"victory":true,"max_hp_per_floor":[75,75,75,75,75,75,75,75,75,75,75,80,80,80,80,84,84,84,84,84,88,88,88,92,92,92,92,92,96,96,100,100,104,104,108,108,103,107,111,115,119,137,137,141,141,141,141,145,145,145,149,149,149,149,153,157],"relic_stats":{"counters":[30,137],"Pen Nib":[33],"Omamori":0,"Ginger":[18],"War Paint":["Offering","Defend_R"],"Orichalcum":[30],"Burning Blood":180,"White Beast Statue":[0.0,0.0,0.0,0.4,0.0,0.6000000000000001,0.0,0.0,0.0,0.0,0.0,1.8915200000000003],"OrangePellets":[25],"Sundial":[130],"Bird Faced Urn":[110],"Pandora\u0027s Box":["Bloodletting","Disarm","Intimidate","Demon Form","True Grit","Cleave"],"obtain_stats":[{"Potion Belt":13,"Thread and Needle":39,"Mango":42,"Pen Nib":2,"Omamori":46,"Ginger":14,"Frozen Egg 2":11,"War Paint":24,"Orichalcum":28,"Burning Blood":0,"White Beast Statue":40,"OrangePellets":36,"Anchor":54,"Sundial":26,"Bird Faced Urn":7,"Orrery":27,"Pandora\u0027s Box":34,"Fusion Hammer":17,"Bag of Marbles":55,"Toxic Egg 2":9},{"Potion Belt":6,"Thread and Needle":20,"Mango":23,"Pen Nib":1,"Omamori":25,"Ginger":7,"Frozen Egg 2":6,"War Paint":12,"Orichalcum":14,"Burning Blood":0,"White Beast Statue":21,"OrangePellets":18,"Anchor":28,"Sundial":13,"Bird Faced Urn":5,"Orrery":13,"Pandora\u0027s Box":17,"Fusion Hammer":8,"Bag of Marbles":29,"Toxic Egg 2":5},{"Potion Belt":27,"Thread and Needle":99,"Mango":107,"Pen Nib":5,"Omamori":114,"Ginger":35,"Frozen Egg 2":27,"War Paint":62,"Orichalcum":72,"Burning Blood":0,"White Beast Statue":101,"OrangePellets":95,"Anchor":129,"Sundial":67,"Bird Faced Urn":23,"Orrery":67,"Pandora\u0027s Box":88,"Fusion Hammer":47,"Bag of Marbles":133,"Toxic Egg 2":23}]},"card_choices":[{"not_picked":["Armaments","True Grit"],"picked":"Battle Trance","floor":1},{"not_picked":["Blood for Blood","Clash"],"picked":"True Grit","floor":3},{"not_picked":["Warcry","Body Slam","Flex"],"picked":"SKIP","floor":4},{"not_picked":["True Grit","Carnage"],"picked":"Impervious","floor":5},{"not_picked":["Clash","Headbutt"],"picked":"Offering","floor":7},{"not_picked":["Reckless Charge","Disarm+1"],"picked":"Shockwave+1","floor":11},{"not_picked":["Heavy Blade","Twin Strike"],"picked":"Feed","floor":14},{"not_picked":["Immolate","Juggernaut+1"],"picked":"Berserk+1","floor":16},{"not_picked":["Iron Wave","Thunderclap"],"picked":"Warcry+1","floor":18},{"not_picked":["Clothesline","True Grit+1","Armaments+1"],"picked":"SKIP","floor":21},{"not_picked":["Whirlwind","Body Slam"],"picked":"Rupture+1","floor":22},{"not_picked":["Ghostly Armor+1","Iron Wave"],"picked":"Entrench+1","floor":24},{"not_picked":["Sever Soul+1","Perfected Strike"],"picked":"Immolate","floor":25},{"not_picked":["Pommel Strike+1","Fiend Fire"],"picked":"Shrug It Off+1","floor":27},{"not_picked":["Body Slam","Anger"],"picked":"Dropkick","floor":27},{"not_picked":["True Grit+1","Demon Form+1"],"picked":"Pommel Strike","floor":27},{"not_picked":["Clothesline","Blood for Blood"],"picked":"True Grit+1","floor":27},{"not_picked":["Flex+1","Iron Wave","Feed"],"picked":"SKIP","floor":27},{"not_picked":["Wild Strike","Inflame+1"],"picked":"Sentinel+1","floor":28},{"not_picked":["Evolve+1","Flex+1"],"picked":"Burning Pact+1","floor":29},{"not_picked":["Power Through+1","Wild Strike","Armaments+1","Warcry+1","Spot Weakness+1","Anger","Pummel","Perfected Strike","Flex+1","Clothesline","Cleave","Infernal Blade+1","Clash","Pommel Strike","True Grit+1","Heavy Blade","Havoc+1","Thunderclap","Body Slam"],"picked":"Second Wind+1","floor":30},{"not_picked":["Flex+1","Clash","Searing Blow"],"picked":"SKIP","floor":31},{"not_picked":["Flex+1","Clash","Searing Blow"],"picked":"SKIP","floor":31},{"not_picked":["Brutality+1","Immolate"],"picked":"Offering+1","floor":33},{"not_picked":["Thunderclap+1","Blood for Blood","Anger"],"picked":"SKIP","floor":35},{"not_picked":["Clash","Thunderclap","Anger"],"picked":"SKIP","floor":38},{"not_picked":["Headbutt","Havoc+1","Shrug It Off+1"],"picked":"SKIP","floor":39},{"not_picked":["Perfected Strike","Rage+1","Shrug It Off+1"],"picked":"SKIP","floor":41},{"not_picked":["Perfected Strike","Rage+1","Shrug It Off+1"],"picked":"SKIP","floor":41},{"not_picked":["Body Slam","Perfected Strike"],"picked":"Berserk+1","floor":42},{"not_picked":["Wild Strike","Heavy Blade+1","Warcry+1"],"picked":"SKIP","floor":44},{"not_picked":["Combust+1","Body Slam","Carnage+1"],"picked":"SKIP","floor":46},{"not_picked":["Combust+1","Body Slam","Carnage+1"],"picked":"SKIP","floor":46},{"not_picked":["Warcry+1","Clothesline","Perfected Strike"],"picked":"SKIP","floor":55},{"not_picked":["Warcry+1","Clothesline","Perfected Strike"],"picked":"SKIP","floor":55}],"player_experience":7265887,"relics_obtained":[{"floor":7,"key":"Bird Faced Urn"},{"floor":9,"key":"Toxic Egg 2"},{"floor":11,"key":"Frozen Egg 2"},{"floor":13,"key":"Potion Belt"},{"floor":14,"key":"Ginger"},{"floor":24,"key":"War Paint"},{"floor":26,"key":"Sundial"},{"floor":28,"key":"Orichalcum"},{"floor":39,"key":"Thread and Needle"},{"floor":40,"key":"White Beast Statue"},{"floor":42,"key":"Mango"},{"floor":46,"key":"Omamori"},{"floor":55,"key":"Bag of Marbles"}],"event_choices":[{"damage_healed":0,"gold_gain":0,"player_choice":"Donut","damage_taken":0,"max_hp_gain":5,"max_hp_loss":0,"event_name":"Big Fish","floor":12,"gold_loss":0},{"cards_removed":["Strike_R"],"damage_healed":0,"gold_gain":0,"player_choice":"Purged","damage_taken":0,"max_hp_gain":0,"max_hp_loss":0,"event_name":"Purifier","floor":20,"gold_loss":0},{"damage_healed":0,"gold_gain":0,"player_choice":"Read","damage_taken":0,"max_hp_gain":0,"max_hp_loss":0,"event_name":"The Library","floor":30,"gold_loss":0,"cards_obtained":["Second Wind"]},{"damage_healed":0,"gold_gain":0,"player_choice":"Max HP","damage_taken":0,"max_hp_gain":0,"max_hp_loss":5,"event_name":"Winding Halls","floor":37,"gold_loss":0},{"damage_healed":0,"gold_gain":0,"player_choice":"Fight","damage_taken":0,"max_hp_gain":0,"max_hp_loss":0,"event_name":"Mysterious Sphere","floor":39,"gold_loss":0},{"damage_healed":0,"gold_gain":0,"player_choice":"0 cards matched","damage_taken":0,"max_hp_gain":0,"max_hp_loss":0,"event_name":"Match and Keep!","floor":47,"gold_loss":0,"cards_obtained":[]}],"is_beta":false,"boss_relics":[{"not_picked":["Coffee Dripper","Cursed Key"],"picked":"Fusion Hammer"},{"not_picked":["SacredBark","Astrolabe"],"picked":"Pandora\u0027s Box"}],"items_purged_floors":[19,27,36,54],"is_endless":false,"potions_floor_spawned":[5,7,11,14,16,21,22,31,35,39,40,41,42,44,46,48,55],"ascension_level":20,"potion_discard_per_floor":[[],[],[],[],[],[],[],[],[],[],["SkillPotion"],[],[],[],[],[],[],[],[],[],[],[],[],[],[],[],[],[],[],[],[],[],[],[],[],[],[],[],[],[],["GamblersBrew"],[],[],[],[],[],[],[],[],[],[],[],[],[],[],[],[]]}