{"neow_bonuses_skipped_log":["REMOVE_CARD","THREE_SMALL_POTIONS","BOSS_RELIC"],"neow_costs_skipped_log":["NONE","NONE","NONE"],"gold_per_floor":[17,32,32,50,50,93,93,126,426,451,486,509,532,563,563,652,652,676,375,425,215,234,234,247,285,365,365,378,413,413,457,457,552,552,577,577,450,470,470,470,510,510,510,553,572,572,285,301,301,301,301,301,301,35,35],"floor_reached":55,"playtime":4338,"items_purged":["Strike_R","Strike_R","Strike_R","Strike_R","Defend_R"],"score":2001,"play_id":"fc23c39b-9d80-4dc2-8d50-b36f45c89704","local_time":"20220701191350","falling_options_log":["Defend_R","Rupture"],"score_breakdown":["Floors Climbed (55): 275","Enemies Slain (14): 28","Exordium Elites Killed (4): 40","City Elites Killed (3): 60","Beyond Elites Killed (2): 60","Bosses Slain (4): 500","Money Money (1226): 25","Champion (1): 25","Ascension (20): 988"],"is_ascension_mode":true,"campfire_choices":[{"data":"Combust","floor":7,"key":"SMITH"},{"floor":15,"key":"REST"},{"floor":23,"key":"RECALL"},{"floor":27,"key":"REST"},{"floor":32,"key":"REST"},{"floor":40,"key":"REST"},{"floor":46,"key":"REST"},{"floor":49,"key":"REST"},{"floor":53,"key":"REST"}],"neow_cost":"NO_GOLD","seed_source_timestamp":4182655380834800,"shop_contents":[{"floor":19,"relics":["Toy Ornithopter","Blood Vial"],"cards":["Twin Strike","Pummel","Infernal Blade","Sentinel","Dramatic Entrance","Violence"],"potions":["Strength Potion","BlessingOfTheForge","Swift Potion"]},{"floor":21,"relics":["Calipers","Strange Spoon"],"cards":["Anger","Clash","Second Wind","Armaments","Combust","Madness","Secret Technique"],"potions":["Block Potion","ColorlessPotion","Energy Potion"]},{"floor":37,"relics":["Boot","Whetstone","Frozen Eye"],"cards":["Hemokinesis","Pommel Strike","Warcry","True Grit","Trip","Panache"],"potions":["SteroidPotion","PowerPotion","SteroidPotion"]},{"floor":47,"relics":["Bottled Flame","Nunchaku","Brimstone"],"cards":["Clash","Perfected Strike","Warcry","Inflame","Enlightenment"],"potions":["AttackPotion","ElixirPotion","Weak Potion"]},{"floor":54,"relics":["Oddly Smooth Stone","War Paint"],"cards":["Uppercut","Searing Blow","Havoc","Shrug It Off","Fire Breathing","Swift Strike","Transmutation"],"potions":["Energy Potion","Weak Potion"]}],"circlet_count":0,"master_deck":["AscendersBane","Defend_R","Defend_R","Defend_R","Shockwave","Headbutt","Combust+1","Shrug It Off","Twin Strike","Power Through","Sever Soul","Reaper","Power Through","Armaments","Rupture","Evolve","Shrug It Off","Offering","Shockwave","Rupture","Writhe","Pain","Dark Embrace","Master of Strategy","True Grit","Second Wind","Reaper"],"potion_use_per_floor":[[],[],[],[],[],[],[],["CultistPotion","EntropicBrew","LiquidBronze"],[],[],["Block Potion"],[],[],[],[],["DistilledChaos"],[],[],[],[],[],[],[],[],["Swift Potion","PowerPotion"],[],[],[],[],[],["Regen Potion"],[],[],[],[],[],[],[],[],[],[],[],[],[],[],[],[],[],[],["ElixirPotion"],[],[],[],[],[]],"relics":["Burning Blood","Golden Idol","Blue Candle","Lizard Tail","Old Coin","Tiny Chest","Smiling Mask","Fusion Hammer","Orrery","Happy Flower","Du-Vu Doll","Sundial","Lantern","Eternal Feather","Cursed Key","Bottled Tornado","Bronze Scales","PreservedInsect","DollysMirror"],"potions_floor_usage":[8,8,8,11,16,25,25,31,50],"damage_taken":[{"damage":9,"enemies":"Jaw Worm","floor":1,"turns":5},{"damage":7,"enemies":"2 Louse","floor":2,"turns":3},{"damage":0,"enemies":"Cultist","floor":4,"turns":3},{"damage":41,"enemies":"3 Sentries","floor":6,"turns":8},{"damage":11,"enemies":"Gremlin Nob","floor":8,"turns":3},{"damage":12,"enemies":"Large Slime","floor":10,"turns":6},{"damage":23,"enemies":"3 Sentries","floor":11,"turns":8},{"damage":10,"enemies":"Blue Slaver","floor":12,"turns":6},{"damage":2,"enemies":"Lots of Slimes","floor":13,"turns":2},{"damage":5,"enemies":"Lagavulin","floor":14,"turns":6},{"damage":56,"enemies":"The Guardian","floor":16,"turns":15},{"damage":6,"enemies":"3 Byrds","floor":18,"turns":7},{"damage":14,"enemies":"Shell Parasite","floor":22,"turns":9},{"damage":4,"enemies":"Snake Plant","floor":24,"turns":5},{"damage":36,"enemies":"Slavers","floor":25,"turns":5},{"damage":15,"enemies":"Shelled Parasite and Fungi","floor":28,"turns":10},{"damage":43,"enemies":"Gremlin Leader","floor":29,"turns":7},{"damage":22,"enemies":"Book of Stabbing","floor":31,"turns":6},{"damage":57,"enemies":"Automaton","floor":33,"turns":11},{"damage":19,"enemies":"Orb Walker","floor":35,"turns":4},{"damage":22,"enemies":"3 Shapes","floor":38,"turns":4},{"damage":21,"enemies":"Nemesis","floor":41,"turns":7},{"damage":45,"enemies":"Reptomancer","floor":44,"turns":5},{"damage":50,"enemies":"Spire Growth","floor":45,"turns":5},{"damage":24,"enemies":"Transient","floor":48,"turns":6},{"damage":98,"enemies":"Awakened One","floor":50,"turns":11},{"damage":52,"enemies":"Donu and Deca","floor":51,"turns":8},{"damage":84,"enemies":"Shield and Spear","floor":55,"turns":3}],"seed_played":"-7848168675994568525","neow_bonus_log":{"cardsObtained":[],"cardsUpgraded":[],"cardsRemoved":[],"cardsTransformed":[],"relicsObtained":[],"maxHpGained":14,"goldGained":0,"damageTaken":0,"goldLost":99,"maxHpLost":0},"potions_obtained":[{"floor":1,"key":"EntropicBrew"},{"floor":2,"key":"CultistPotion"},{"floor":11,"key":"FearPotion"},{"floor":12,"key":"Swift Potion"},{"floor":14,"key":"DistilledChaos"},{"floor":16,"key":"PowerPotion"},{"floor":25,"key":"EssenceOfSteel"},{"floor":28,"key":"ElixirPotion"},{"floor":29,"key":"Regen Potion"},{"floor":38,"key":"AttackPotion"},{"floor":48,"key":"BlessingOfTheForge"}],"is_trial":false,"path_per_floor":["M","M","?","M","?","E","R","E","T","M","E","M","M","E","R","B",null,"M","$","?","$","M","R","M","E","T","R","M","E","?","E","R","B",null,"M","?","$","M","T","R","E","?","T","E","M","R","$","M","R","B","B",null,"R","$","E"],"character_chosen":"IRONCLAD","items_purchased":["Orrery","Evolve","Happy Flower","Rupture","Master of Strategy","True Grit","DollysMirror","BlessingOfTheForge"],"campfire_rested":7,"item_purchase_floors":[19,19,21,37,47,47,54,54],"current_hp_per_floor":[79,78,78,81,81,46,46,41,41,35,18,14,18,19,43,33,69,78,78,78,78,73,73,75,51,51,75,72,44,44,49,81,51,74,71,71,71,79,79,81,78,77,77,56,34,72,72,77,77,53,62,73,77,77,0],"gold":35,"neow_bonus":"TWENTY_PERCENT_HP_BONUS","is_prod":false,"is_daily":false,"rewards_skipped":[{"floor":24,"relics":[],"potions":["GamblersBrew"]}],"chose_seed":false,"campfire_upgraded":1,"win_rate":0,"floor_exit_playtime":[87,127,135,202,213,339,348,458,464,546,661,737,791,901,907,1170,1223,1344,1460,1466,1544,1652,1658,1749,1901,1917,1922,2084,2202,2235,2364,2368,2597,2664,2716,2731,2794,2869,2881,2886,3011,3053,3064,3166,3248,3252,3322,3471,3476,3821,4122,4136,4141,4261],"timestamp":1656717230,"blue_key_relic_skipped_log":{"floor":39,"relicID":"Bag of Marbles"},"path_taken":["M","M","?","M","?","E","R","E","T","M","E","M","M","E","R","BOSS","M","$","?","$","M","R","M","E","T","R","M","E","?","E","R","BOSS","M","?","$","M","?","R","E","?","T","E","M","R","$","M","R","BOSS","BOSS","R","$","E"],"build_version":"2022-03-07","purchased_purges":5,"victory":false,"max_hp_per_floor":[89,89,81,81,81,81,81,81,81,81,81,81,81,81,81,81,81,81,81,81,81,81,81,81,81,81,81,81,81,81,81,81,81,81,81,81,81,81,81,81,81,77,77,77,77,77,77,77,77,77,77,77,77,77,77],"relic_stats":{"Happy Flower":[35],"counters":[28,178],"Golden Idol":196,"Blue Candle":[20],"Eternal Feather":33,"PreservedInsect":77,"Bottled Tornado":"Rupture","Smiling Mask":375,"Cursed Key":2,"Burning Blood":156,"Lizard Tail":40,"Sundial":[24],"Bronze Scales":[145],"Tiny Chest":1,"obtain_stats":[{"Lantern":29,"Happy Flower":21,"Golden Idol":3,"Blue Candle":6,"Eternal Feather":31,"PreservedInsect":44,"Bottled Tornado":41,"Smiling Mask":14,"Cursed Key":34,"Burning Blood":0,"Old Coin":9,"Du-Vu Doll":25,"Lizard Tail":8,"Sundial":26,"DollysMirror":54,"Bronze Scales":43,"Orrery":19,"Tiny Chest":11,"Fusion Hammer":17},{"Lantern":17,"Happy Flower":12,"Golden Idol":2,"Blue Candle":4,"Eternal Feather":18,"PreservedInsect":23,"Bottled Tornado":22,"Smiling Mask":10,"Cursed Key":19,"Burning Blood":0,"Old Coin":5,"Du-Vu Doll":15,"Lizard Tail":5,"Sundial":15,"DollysMirror":27,"Bronze Scales":22,"Orrery":12,"Tiny Chest":7,"Fusion Hammer":11},{"Lantern":108,"Happy Flower":72,"Golden Idol":8,"Blue Candle":19,"Eternal Feather":114,"PreservedInsect":145,"Bottled Tornado":140,"Smiling Mask":50,"Cursed Key":125,"Burning Blood":0,"Old Coin":22,"Du-Vu Doll":91,"Lizard Tail":22,"Sundial":91,"DollysMirror":175,"Bronze Scales":140,"Orrery":72,"Tiny Chest":36,"Fusion Hammer":65}]},"card_choices":[{"not_picked":["Intimidate","Heavy Blade"],"picked":"Shockwave","floor":1},{"not_picked":["Body Slam","Blood for Blood"],"picked":"Headbutt","floor":2},{"not_picked":["Heavy Blade","Disarm"],"picked":"Combust","floor":4},{"not_picked":["Feel No Pain","Clash"],"picked":"Shrug It Off","floor":6},{"not_picked":["Iron Wave","Wild Strike","Rage"],"picked":"SKIP","floor":8},{"not_picked":["Uppercut","Sever Soul"],"picked":"Twin Strike","floor":10},{"not_picked":["Demon Form","Flex","Dark Embrace"],"picked":"SKIP","floor":11},{"not_picked":["Cleave","Searing Blow"],"picked":"Power Through","floor":12},{"not_picked":["Body Slam","Iron Wave","Fire Breathing"],"picked":"SKIP","floor":13},{"not_picked":["Limit Break","Clash"],"picked":"Sever Soul","floor":14},{"not_picked":["Brutality","Fiend Fire"],"picked":"Reaper","floor":16},{"not_picked":["Headbutt","Clothesline"],"picked":"Power Through","floor":18},{"not_picked":["Perfected Strike","Headbutt"],"picked":"Armaments","floor":19},{"not_picked":["Seeing Red","Havoc"],"picked":"Rupture","floor":19},{"not_picked":["Heavy Blade","Ghostly Armor","Fire Breathing"],"picked":"SKIP","floor":19},{"not_picked":["Rampage","Wild Strike","Anger"],"picked":"SKIP","floor":19},{"not_picked":["Perfected Strike","Shockwave","Sword Boomerang"],"picked":"SKIP","floor":19},{"not_picked":["Headbutt","Shockwave","Clothesline"],"picked":"SKIP","floor":22},{"not_picked":["Blood for Blood","Double Tap","Headbutt"],"picked":"SKIP","floor":24},{"not_picked":["Second Wind","Iron Wave","Hemokinesis"],"picked":"SKIP","floor":25},{"not_picked":["Perfected Strike","Body Slam"],"picked":"Shrug It Off","floor":29},{"not_picked":["Anger","Thunderclap","Clash"],"picked":"SKIP","floor":31},{"not_picked":["Limit Break","Exhume"],"picked":"Offering","floor":33},{"not_picked":["Reckless Charge","Pommel Strike"],"picked":"Shockwave","floor":35},{"not_picked":["Havoc","Heavy Blade","Iron Wave+1"],"picked":"SKIP","floor":41},{"not_picked":["Flex","Reckless Charge","True Grit"],"picked":"SKIP","floor":44},{"not_picked":["Infernal Blade","Demon Form"],"picked":"Dark Embrace","floor":45},{"not_picked":["Shockwave+1","Hemokinesis"],"picked":"Second Wind","floor":48}],"player_experience":7307969,"relics_obtained":[{"floor":6,"key":"Blue Candle"},{"floor":8,"key":"Lizard Tail"},{"floor":9,"key":"Old Coin"},{"floor":11,"key":"Tiny Chest"},{"floor":14,"key":"Smiling Mask"},{"floor":25,"key":"Du-Vu Doll"},{"floor":26,"key":"Sundial"},{"floor":29,"key":"Lantern"},{"floor":31,"key":"Eternal Feather"},{"floor":41,"key":"Bottled Tornado"},{"floor":43,"key":"Bronze Scales"},{"floor":44,"key":"PreservedInsect"}],"event_choices":[{"damage_healed":0,"gold_gain":0,"player_choice":"Lose Max HP","damage_taken":0,"relics_obtained":["Golden Idol"],"max_hp_gain":0,"max_hp_loss":8,"event_name":"Golden Idol","floor":3,"gold_loss":0},{"damage_healed":0,"gold_gain":0,"player_choice":"Leave","damage_taken":0,"max_hp_gain":0,"max_hp_loss":0,"event_name":"The Cleric","floor":5,"gold_loss":0},{"damage_healed":0,"gold_gain":50,"player_choice":"Stole From Cult","damage_taken":0,"max_hp_gain":0,"max_hp_loss":0,"event_name":"Nest","floor":20,"gold_loss":0},{"cards_removed":["Strike_R"],"damage_healed":0,"gold_gain":0,"player_choice":"Elegance","damage_taken":0,"max_hp_gain":0,"max_hp_loss":0,"event_name":"Back to Basics","floor":30,"gold_loss":0},{"cards_removed":["Bash"],"damage_healed":0,"gold_gain":0,"player_choice":"Removed Attack","damage_taken":0,"max_hp_gain":0,"max_hp_loss":0,"event_name":"Falling","floor":36,"gold_loss":0},{"damage_healed":0,"gold_gain":0,"player_choice":"Max HP","damage_taken":0,"max_hp_gain":0,"max_hp_loss":4,"event_name":"Winding Halls","floor":42,"gold_loss":0}],"is_beta":false,"boss_relics":[{"not_picked":["Runic Cube","Black Blood"],"picked":"Fusion Hammer"},{"not_picked":["SlaversCollar","SacredBark"],"picked":"Cursed Key"}],"items_purged_floors":[19,21,37,47,54],"is_endless":false,"potions_floor_spawned":[1,2,11,12,14,16,24,25,28,29,38,48],"killed_by":"Shield and Spear","ascension_level":20,"potion_discard_per_floor":[[],[],[],[],[],[],[],[],[],[],[],[],[],["FearPotion"],[],[],[],[],[],[],[],[],[],[],[],[],[],[],["EssenceOfSteel"],[],[],[],[],[],[],[],[],[],[],[],[],[],[],[],[],[],[],["AttackPotion"],[],[],[],[],[],[],[]]}