{"neow_bonuses_skipped_log":["UPGRADE_CARD","THREE_SMALL_POTIONS","REMOVE_TWO"],"neow_costs_skipped_log":["NONE","NONE","NO_GOLD"],"gold_per_floor":[119,131,141,216,14,14,14,47,82,94,146,158,199,251,263,363,375,407,86,103,378,116,159,159,185,185,222,248,263,277,305,305,391,391,412,430,138,151,201,236,252,296,321,148,174,189,224,248,248,248,248,248,248,41,74,74],"floor_reached":57,"playtime":4393,"items_purged":["Strike_R","Strike_R","Strike_R","Strike_R"],"score":3361,"play_id":"0c4ab2db-4431-4cfc-99be-42744d2baf81","local_time":"20220702183528","score_breakdown":["Floors Climbed (57): 285","Enemies Slain (14): 28","Exordium Elites Killed (3): 30","City Elites Killed (3): 60","Beyond Elites Killed (3): 90","Bosses Slain (5): 750","I Like Shiny: 50","Money Money (1462): 25","Stuffed: 50","Champion (7): 175","Perfect (1): 50","Overkill: 25","Ascension (20): 1493","Heartbreaker: 250"],"is_ascension_mode":true,"campfire_choices":[{"data":"Immolate","floor":6,"key":"SMITH"},{"data":"Battle Trance","floor":12,"key":"SMITH"},{"data":"Armaments","floor":15,"key":"SMITH"},{"floor":24,"key":"RECALL"},{"data":"Rupture","floor":32,"key":"SMITH"},{"data":"Demon Form","floor":49,"key":"SMITH"},{"data":"Dual Wield","floor":53,"key":"SMITH"}],"neow_cost":"NONE","seed_source_timestamp":4266677107573900,"shop_contents":[{"floor":5,"relics":["Lizard Tail","Boot","Cauldron"],"cards":["Fiend Fire","Armaments","Spot Weakness","Metallicize","Dark Shackles","Secret Weapon"],"potions":["Fruit Juice","SmokeBomb"]},{"floor":19,"relics":["Anchor"],"cards":["Thunderclap","Sever Soul","Flame Barrier","Warcry","Inflame","Enlightenment","Mayhem"],"potions":["Energy Potion","DistilledChaos","SmokeBomb"]},{"floor":22,"relics":["Pocketwatch","Brimstone"],"cards":["Twin Strike","Pommel Strike","Entrench","Battle Trance","Metallicize","Deep Breath","Chrysalis"],"potions":["Energy Potion","Fire Potion","SkillPotion"]},{"floor":37,"relics":["Strawberry","Frozen Eye"],"cards":["Sever Soul","Heavy Blade","Armaments","True Grit","Evolve","Discovery","Panache"],"potions":["HeartOfIron","SpeedPotion","LiquidMemories"]},{"floor":44,"relics":["Bronze Scales","Mercury Hourglass","Chemical X"],"cards":["Reckless Charge","Searing Blow","Warcry","Flex","Dark Embrace","Good Instincts","Violence"],"potions":["SpeedPotion","SneckoOil","Strength Potion"]},{"floor":54,"relics":["Champion Belt","Ornamental Fan","Incense Burner"],"cards":["Pommel Strike","Rampage","Spot Weakness","Shrug It Off","Demon Form","Master of Strategy","Chrysalis"],"potions":["Block Potion","LiquidBronze","Fire Potion"]}],"circlet_count":0,"master_deck":["AscendersBane","Defend_R","Defend_R","Defend_R","Defend_R","Bash","Battle Trance+1","Pommel Strike","Sever Soul","Immolate+1","Headbutt","Feed","Bloodletting","Armaments+1","Offering","Burning Pact+1","Reaper","Rupture+1","Shrug It Off","Reaper","Blood for Blood","Dark Shackles","PanicButton","Limit Break","Sentinel","Dual Wield+1","Thunderclap","Demon Form+1","True Grit+1","PanicButton"],"potion_use_per_floor":[[],[],[],[],[],[],[],[],[],[],["SteroidPotion","Fire Potion"],[],[],[],[],["SkillPotion"],[],[],[],[],[],[],[],[],[],[],[],[],[],[],[],[],["BlessingOfTheForge"],[],[],[],[],[],[],[],[],[],[],[],[],[],[],[],[],[],[],[],[],[],["DuplicationPotion"],["Weak Potion","EntropicBrew","EssenceOfSteel","PowerPotion"],[]],"relics":["SlaversCollar","MawBank","CeramicFish","Du-Vu Doll","Omamori","Odd Mushroom","CaptainsWheel","Calling Bell","Red Skull","Eternal Feather","Thread and Needle","Lee\u0027s Waffle","Bag of Marbles","Centennial Puzzle","Question Card","Akabeko","Lantern","Juzu Bracelet","Red Mask","Runic Pyramid","Vajra","The Courier","Bag of Preparation","Ancient Tea Set","Blue Candle","OrangePellets","Pantograph"],"potions_floor_usage":[11,11,16,33,55,56,56,56,56],"damage_taken":[{"damage":2,"enemies":"Cultist","floor":1,"turns":4},{"damage":0,"enemies":"Small Slimes","floor":2,"turns":4},{"damage":3,"enemies":"2 Louse","floor":3,"turns":3},{"damage":0,"enemies":"3 Sentries","floor":8,"turns":3},{"damage":0,"enemies":"Lagavulin","floor":11,"turns":3},{"damage":1,"enemies":"The Mushroom Lair","floor":13,"turns":2},{"damage":8,"enemies":"Gremlin Nob","floor":14,"turns":3},{"damage":18,"enemies":"Hexaghost","floor":16,"turns":9},{"damage":8,"enemies":"Shell Parasite","floor":18,"turns":5},{"damage":6,"enemies":"Chosen","floor":20,"turns":3},{"damage":3,"enemies":"Slavers","floor":23,"turns":2},{"damage":12,"enemies":"Gremlin Leader","floor":25,"turns":2},{"damage":0,"enemies":"Slavers","floor":27,"turns":1},{"damage":6,"enemies":"Shelled Parasite and Fungi","floor":28,"turns":1},{"damage":6,"enemies":"3 Cultists","floor":29,"turns":1},{"damage":9,"enemies":"Cultist and Chosen","floor":30,"turns":2},{"damage":9,"enemies":"Masked Bandits","floor":31,"turns":2},{"damage":24,"enemies":"Automaton","floor":33,"turns":6},{"damage":12,"enemies":"3 Shapes","floor":35,"turns":5},{"damage":18,"enemies":"3 Darklings","floor":38,"turns":3},{"damage":6,"enemies":"Reptomancer","floor":40,"turns":3},{"damage":27,"enemies":"Transient","floor":41,"turns":5},{"damage":9,"enemies":"Nemesis","floor":42,"turns":5},{"damage":54,"enemies":"Writhing Mass","floor":45,"turns":9},{"damage":60,"enemies":"Spire Growth","floor":46,"turns":5},{"damage":0,"enemies":"Reptomancer","floor":47,"turns":4},{"damage":0,"enemies":"Jaw Worm Horde","floor":48,"turns":1},{"damage":12,"enemies":"Awakened One","floor":50,"turns":6},{"damage":53,"enemies":"Donu and Deca","floor":51,"turns":6},{"damage":3,"enemies":"Shield and Spear","floor":55,"turns":2},{"damage":49,"enemies":"The Heart","floor":56,"turns":9}],"seed_played":"8519155750076433483","neow_bonus_log":{"cardsObtained":[],"cardsUpgraded":[],"cardsRemoved":[],"cardsTransformed":[],"relicsObtained":["SlaversCollar"],"maxHpGained":0,"goldGained":0,"damageTaken":0,"goldLost":0,"maxHpLost":0},"potions_obtained":[{"floor":3,"key":"SteroidPotion"},{"floor":13,"key":"SkillPotion"},{"floor":18,"key":"SpeedPotion"},{"floor":20,"key":"BlessingOfTheForge"},{"floor":29,"key":"Energy Potion"},{"floor":33,"key":"DuplicationPotion"},{"floor":38,"key":"EntropicBrew"},{"floor":55,"key":"Weak Potion"}],"is_trial":false,"path_per_floor":["M","M","M","?","$","R","?","E","T","?","E","R","?","E","R","B",null,"M","$","M","?","$","E","R","E","T","E","M","M","M","?","R","B",null,"M","?","$","M","T","E","M","E","T","$","M","M","E","M","R","B","B",null,"R","$","E","B",null],"character_chosen":"IRONCLAD","items_purchased":["Immolate","Fire Potion","Lee\u0027s Waffle","Bag of Marbles","Centennial Puzzle","Vajra","Dual Wield","OrangePellets","PanicButton"],"campfire_rested":0,"item_purchase_floors":[5,5,19,19,22,37,44,54,54],"current_hp_per_floor":[66,66,63,52,52,52,45,45,45,27,27,27,29,24,24,10,66,62,96,93,93,93,94,103,95,95,99,97,91,115,110,122,102,120,123,113,113,134,134,138,142,137,137,137,124,92,158,161,161,165,173,173,173,173,173,158],"gold":74,"neow_bonus":"BOSS_RELIC","is_prod":false,"is_daily":false,"rewards_skipped":[{"floor":23,"relics":[],"potions":["Regen Potion"]},{"floor":31,"relics":[],"potions":["ElixirPotion"]},{"floor":40,"relics":[],"potions":["ElixirPotion"]},{"floor":46,"relics":[],"potions":["BlessingOfTheForge"]},{"floor":48,"relics":[],"potions":["DuplicationPotion"]}],"chose_seed":false,"campfire_upgraded":6,"win_rate":0,"floor_exit_playtime":[61,109,165,171,252,262,274,341,356,369,465,507,573,633,647,919,1093,1218,1408,1479,1490,1568,1634,1679,1767,1774,1828,1876,1907,1969,2071,2082,2321,2380,2490,2543,2589,2723,2733,2823,3059,3151,3162,3193,3374,3481,3561,3602,3607,3756,3882,3904,3914,3942,4018,4393],"timestamp":1656801328,"blue_key_relic_skipped_log":{"floor":39,"relicID":"Blood Vial"},"path_taken":["M","M","?","?","$","R","?","E","T","?","E","R","?","E","R","BOSS","M","$","M","?","$","E","R","E","T","E","M","M","M","?","R","BOSS","M","?","$","M","?","E","M","E","T","$","M","M","E","M","R","BOSS","BOSS","R","$","E","BOSS"],"build_version":"2022-03-07","purchased_purges":4,"victory":true,"max_hp_per_floor":[75,75,75,75,75,75,75,75,75,75,75,75,78,81,81,85,85,89,96,99,99,99,103,103,107,107,111,115,115,118,122,122,126,126,130,130,130,134,134,138,142,146,146,146,150,154,158,161,161,165,173,173,173,173,176,176],"relic_stats":{"Lee\u0027s Waffle":34,"counters":[31,119],"CeramicFish":171,"Blue Candle":[2],"Eternal Feather":21,"The Courier":101,"Omamori":2,"Juzu Bracelet":1,"Bag of Preparation":[16],"MawBank":132,"Question Card":20,"Ancient Tea Set":[4],"OrangePellets":[5],"Centennial Puzzle":[52],"Pantograph":3,"obtain_stats":[{"Lantern":26,"CeramicFish":9,"Vajra":37,"Juzu Bracelet":27,"Bag of Preparation":42,"Ancient Tea Set":43,"Burning Blood":0,"Centennial Puzzle":22,"Pantograph":55,"Red Mask":31,"Red Skull":17,"Runic Pyramid":34,"Lee\u0027s Waffle":19,"Blue Candle":47,"Eternal Feather":17,"Thread and Needle":17,"The Courier":40,"Omamori":11,"Odd Mushroom":13,"MawBank":8,"Question Card":23,"Akabeko":25,"Du-Vu Doll":10,"Calling Bell":17,"SlaversCollar":0,"OrangePellets":54,"CaptainsWheel":14,"Bag of Marbles":19},{"Lantern":12,"CeramicFish":4,"Vajra":19,"Juzu Bracelet":13,"Bag of Preparation":23,"Ancient Tea Set":23,"Burning Blood":0,"Centennial Puzzle":10,"Pantograph":30,"Red Mask":17,"Red Skull":8,"Runic Pyramid":18,"Lee\u0027s Waffle":9,"Blue Candle":26,"Eternal Feather":8,"Thread and Needle":8,"The Courier":21,"Omamori":5,"Odd Mushroom":6,"MawBank":4,"Question Card":11,"Akabeko":12,"Du-Vu Doll":4,"Calling Bell":8,"SlaversCollar":0,"OrangePellets":29,"CaptainsWheel":7,"Bag of Marbles":9},{"Lantern":43,"CeramicFish":14,"Vajra":61,"Juzu Bracelet":44,"Bag of Preparation":77,"Ancient Tea Set":77,"Burning Blood":0,"Centennial Puzzle":39,"Pantograph":110,"Red Mask":50,"Red Skull":31,"Runic Pyramid":56,"Lee\u0027s Waffle":36,"Blue Candle":95,"Eternal Feather":31,"Thread and Needle":31,"The Courier":67,"Omamori":17,"Odd Mushroom":19,"MawBank":14,"Question Card":41,"Akabeko":43,"Du-Vu Doll":14,"Calling Bell":31,"SlaversCollar":0,"OrangePellets":108,"CaptainsWheel":22,"Bag of Marbles":36}]},"card_choices":[{"not_picked":["Headbutt","Dropkick"],"picked":"Battle Trance","floor":1},{"not_picked":["Shrug It Off","Warcry"],"picked":"Pommel Strike","floor":2},{"not_picked":["Warcry","Havoc"],"picked":"Sever Soul","floor":3},{"not_picked":["Iron Wave","Rage"],"picked":"Headbutt","floor":8},{"not_picked":["Armaments","Wild Strike"],"picked":"Feed","floor":11},{"not_picked":["Dark Embrace","Flex"],"picked":"Bloodletting","floor":13},{"not_picked":["Shockwave","Sever Soul"],"picked":"Armaments","floor":14},{"not_picked":["Exhume","Bludgeon"],"picked":"Offering","floor":16},{"not_picked":["Disarm","Blood for Blood"],"picked":"Burning Pact+1","floor":18},{"not_picked":["Wild Strike","Sever Soul","Body Slam+1"],"picked":"SKIP","floor":20},{"not_picked":["Wild Strike","Evolve"],"picked":"Reaper","floor":23},{"not_picked":["Rampage","Bloodletting","Clothesline","Feed"],"picked":"SKIP","floor":25},{"not_picked":["Pommel Strike","Thunderclap","Shrug It Off"],"picked":"Rupture","floor":27},{"not_picked":["Armaments","Intimidate","Combust"],"picked":"Shrug It Off","floor":28},{"not_picked":["Twin Strike","Wild Strike","Flex","Clothesline"],"picked":"SKIP","floor":29},{"not_picked":["Intimidate","Clash","Seeing Red","Body Slam"],"picked":"SKIP","floor":30},{"not_picked":["Seeing Red","Havoc+1","Headbutt","Shrug It Off"],"picked":"SKIP","floor":31},{"not_picked":["Double Tap","Bludgeon","Impervious"],"picked":"Reaper","floor":33},{"not_picked":["Cleave+1","True Grit","Iron Wave"],"picked":"Blood for Blood","floor":35},{"not_picked":["Panacea","Mind Blast","Bandage Up"],"picked":"Dark Shackles","floor":36},{"not_picked":["Blind","Jack Of All Trades","Metamorphosis"],"picked":"PanicButton","floor":36},{"not_picked":["Bandage Up","Dramatic Entrance","Good Instincts","Deep Breath"],"picked":"SKIP","floor":36},{"not_picked":["Thunderclap","Metallicize","Dropkick+1","Clash"],"picked":"SKIP","floor":38},{"not_picked":["Bludgeon","Shrug It Off","Wild Strike+1"],"picked":"Limit Break","floor":40},{"not_picked":["Iron Wave+1","Flex+1","Thunderclap","Flame Barrier+1"],"picked":"SKIP","floor":41},{"not_picked":["Flex","Pommel Strike","Perfected Strike+1"],"picked":"Sentinel","floor":42},{"not_picked":["Pommel Strike","Heavy Blade","Clothesline"],"picked":"Thunderclap","floor":45},{"not_picked":["Armaments+1","Infernal Blade+1","Perfected Strike+1","Rampage"],"picked":"SKIP","floor":46},{"not_picked":["Clothesline+1","Flame Barrier","Intimidate"],"picked":"Demon Form","floor":47},{"not_picked":["Clash+1","Battle Trance","Havoc"],"picked":"True Grit+1","floor":48},{"not_picked":["Infernal Blade","Pommel Strike","Intimidate","Armaments"],"picked":"SKIP","floor":55}],"player_experience":7314435,"relics_obtained":[{"floor":8,"key":"MawBank"},{"floor":9,"key":"CeramicFish"},{"floor":11,"key":"Omamori"},{"floor":13,"key":"Odd Mushroom"},{"floor":14,"key":"CaptainsWheel"},{"floor":17,"key":"Red Skull"},{"floor":17,"key":"Eternal Feather"},{"floor":17,"key":"Thread and Needle"},{"floor":23,"key":"Question Card"},{"floor":25,"key":"Akabeko"},{"floor":26,"key":"Lantern"},{"floor":27,"key":"Juzu Bracelet"},{"floor":31,"key":"Red Mask"},{"floor":40,"key":"The Courier"},{"floor":42,"key":"Bag of Preparation"},{"floor":43,"key":"Ancient Tea Set"},{"floor":47,"key":"Blue Candle"},{"floor":55,"key":"Pantograph"}],"event_choices":[{"damage_healed":0,"gold_gain":75,"player_choice":"Gather Gold","damage_taken":11,"max_hp_gain":0,"max_hp_loss":0,"event_name":"World of Goop","floor":4,"gold_loss":0},{"cards_removed":["Strike_R"],"damage_healed":0,"gold_gain":0,"player_choice":"Card Removal","damage_taken":7,"max_hp_gain":0,"max_hp_loss":0,"event_name":"Golden Wing","floor":7,"gold_loss":0},{"damage_healed":0,"gold_gain":0,"player_choice":"Success","damage_taken":18,"relics_obtained":["Du-Vu Doll"],"max_hp_gain":0,"max_hp_loss":0,"event_name":"Scrap Ooze","floor":10,"gold_loss":0},{"damage_healed":0,"gold_gain":0,"player_choice":"Fought Mushrooms","damage_taken":0,"max_hp_gain":0,"max_hp_loss":0,"event_name":"Mushrooms","floor":13,"gold_loss":0},{"damage_healed":0,"gold_gain":275,"player_choice":"Desecrate","damage_taken":0,"max_hp_gain":0,"max_hp_loss":0,"event_name":"Golden Shrine","floor":21,"gold_loss":0,"cards_obtained":["Regret"]},{"damage_healed":0,"gold_gain":0,"player_choice":"Fought Bandits","damage_taken":0,"max_hp_gain":0,"max_hp_loss":0,"event_name":"Masked Bandits","floor":31,"gold_loss":0},{"damage_healed":0,"gold_gain":0,"player_choice":"Memory 3","damage_taken":10,"max_hp_gain":0,"max_hp_loss":0,"event_name":"SensoryStone","floor":36,"gold_loss":0}],"is_beta":false,"boss_relics":[{"not_picked":["Empty Cage","Philosopher\u0027s Stone"],"picked":"Calling Bell"},{"not_picked":["Tiny House","Runic Dome"],"picked":"Runic Pyramid"}],"items_purged_floors":[5,22,37,44],"is_endless":false,"potions_floor_spawned":[3,13,18,20,23,29,31,33,38,40,46,48,55],"ascension_level":20,"potion_discard_per_floor":[[],[],[],[],[],[],[],[],[],[],[],[],[],[],[],[],[],[],[],[],[],[],[],[],[],[],[],[],["SpeedPotion"],[],[],[],[],[],[],[],[],["Energy Potion"],[],[],[],[],[],[],[],[],[],[],[],[],[],[],[],[],[],[],[]]}