{"neow_bonuses_skipped_log":["HUNDRED_GOLD","RANDOM_COLORLESS_2","BOSS_RELIC"],"neow_costs_skipped_log":["NONE","CURSE","NONE"],"gold_per_floor":[115,135,151,167,167,193,193,203,250,250,276,7,36,51,51,125,125,139,150,164,164,59,93,18,38,38,38,53,85,98,124,124,202,202,219,239,255,269,2,35,35,35,80,93,103,132,132,167,167,167,167,167,167,42,72,72],"floor_reached":57,"playtime":5878,"items_purged":["Strike_R","Strike_R","Strike_R"],"score":3227,"play_id":"6d8652cb-3d5f-4a35-ae4d-14864359fe24","local_time":"20220623140035","score_breakdown":["Floors Climbed (57): 285","Enemies Slain (18): 36","Exordium Elites Killed (3): 30","City Elites Killed (3): 60","Beyond Elites Killed (3): 90","Bosses Slain (5): 750","Well Fed: 25","Champion (5): 125","Perfect (1): 50","Overkill: 25","C-c-c-combo: 25","Ascension (20): 1476","Heartbreaker: 250"],"is_ascension_mode":true,"campfire_choices":[{"data":"Carnage","floor":7,"key":"SMITH"},{"data":"Berserk","floor":15,"key":"SMITH"},{"data":"Spot Weakness","floor":27,"key":"SMITH"},{"data":"Demon Form","floor":32,"key":"SMITH"},{"floor":41,"key":"RECALL"},{"data":"1","floor":49,"key":"LIFT"},{"data":"2","floor":53,"key":"LIFT"}],"neow_cost":"NONE","seed_source_timestamp":3471113070965000,"shop_contents":[{"floor":12,"relics":["Lantern","HandDrill"],"cards":["Carnage","Rampage","Havoc","Disarm","Fire Breathing","Metamorphosis"],"potions":["AttackPotion","SpeedPotion","Weak Potion"]},{"floor":22,"relics":["CeramicFish","Omamori","OrangePellets"],"cards":["Sever Soul","Carnage","Havoc","Double Tap","Fire Breathing","Blind","Transmutation"],"potions":["Fire Potion","AttackPotion"]},{"floor":24,"relics":["Regal Pillow","Sundial","Cauldron"],"cards":["Pummel","Carnage","Dual Wield","Warcry","Combust","Trip","The Bomb"],"potions":["LiquidMemories","BlessingOfTheForge","Block Potion"]},{"floor":39,"relics":["Gremlin Horn","Orichalcum"],"cards":["Hemokinesis","Immolate","Dual Wield","Limit Break","Inflame","Dark Shackles","Master of Strategy"],"potions":["LiquidMemories","Fruit Juice","Ancient Potion"]},{"floor":54,"relics":["Bronze Scales","Ice Cream","Strange Spoon"],"cards":["Iron Wave","Perfected Strike","Infernal Blade","Shrug It Off","Inflame","Flash of Steel","The Bomb"],"potions":["Dexterity Potion","SpeedPotion","AttackPotion"]}],"circlet_count":0,"master_deck":["AscendersBane","Strike_R","Strike_R","Defend_R","Defend_R","Defend_R","Defend_R","Bash","Dark Shackles","Spot Weakness+1","Warcry","Carnage+1","Battle Trance","Pummel","Shockwave","Dark Shackles","Berserk+1","Warcry","Corruption","True Grit+1","Sentinel","Pummel","Iron Wave+1","Inflame+1","Flame Barrier","Demon Form+1","Limit Break","Blade Dance","Reaper","Worship","Heavy Blade"],"potion_use_per_floor":[[],[],[],[],[],["CultistPotion"],[],[],[],[],[],[],[],["SneckoOil"],[],["SpeedPotion"],[],[],["LiquidMemories"],[],[],[],["Fruit Juice","ColorlessPotion"],[],["DistilledChaos"],[],[],[],["SneckoOil"],[],[],[],["ColorlessPotion"],[],[],[],[],[],[],[],[],[],[],[],[],["Fire Potion","SkillPotion"],[],[],[],[],[],[],[],[],["DuplicationPotion"],["HeartOfIron","Block Potion","Swift Potion","EntropicBrew","Ancient Potion","BlessingOfTheForge"],[]],"relics":["Burning Blood","Unceasing Top","Boot","Letter Opener","Potion Belt","Tiny Chest","SacredBark","Ancient Tea Set","Bag of Preparation","Dead Branch","MealTicket","Snecko Eye","PrismaticShard","Calipers","Anchor","Girya","CaptainsWheel","Thread and Needle"],"potions_floor_usage":[6,14,16,19,23,23,25,29,33,46,46,55,56,56,56,56,56,56],"damage_taken":[{"damage":2,"enemies":"Cultist","floor":1,"turns":4},{"damage":3,"enemies":"2 Louse","floor":2,"turns":3},{"damage":5,"enemies":"Small Slimes","floor":3,"turns":4},{"damage":9,"enemies":"Exordium Wildlife","floor":4,"turns":5},{"damage":21,"enemies":"Lagavulin","floor":6,"turns":6},{"damage":9,"enemies":"Large Slime","floor":8,"turns":3},{"damage":21,"enemies":"3 Sentries","floor":11,"turns":7},{"damage":20,"enemies":"Lagavulin","floor":13,"turns":6},{"damage":4,"enemies":"Lots of Slimes","floor":14,"turns":4},{"damage":1,"enemies":"Slime Boss","floor":16,"turns":6},{"damage":16,"enemies":"3 Byrds","floor":18,"turns":5},{"damage":4,"enemies":"2 Thieves","floor":19,"turns":4},{"damage":0,"enemies":"Centurion and Healer","floor":20,"turns":5},{"damage":12,"enemies":"Slavers","floor":23,"turns":5},{"damage":5,"enemies":"Snake Plant","floor":25,"turns":2},{"damage":0,"enemies":"Snecko","floor":28,"turns":4},{"damage":0,"enemies":"Book of Stabbing","floor":29,"turns":3},{"damage":24,"enemies":"Sentry and Sphere","floor":30,"turns":5},{"damage":0,"enemies":"Slavers","floor":31,"turns":2},{"damage":39,"enemies":"Collector","floor":33,"turns":5},{"damage":0,"enemies":"Orb Walker","floor":35,"turns":2},{"damage":0,"enemies":"3 Shapes","floor":36,"turns":2},{"damage":0,"enemies":"Maw","floor":37,"turns":3},{"damage":6,"enemies":"3 Darklings","floor":38,"turns":2},{"damage":0,"enemies":"Nemesis","floor":40,"turns":3},{"damage":0,"enemies":"Sphere and 2 Shapes","floor":44,"turns":1},{"damage":0,"enemies":"Maw","floor":45,"turns":4},{"damage":0,"enemies":"Reptomancer","floor":46,"turns":4},{"damage":0,"enemies":"Nemesis","floor":48,"turns":3},{"damage":21,"enemies":"Awakened One","floor":50,"turns":6},{"damage":0,"enemies":"Time Eater","floor":51,"turns":4},{"damage":6,"enemies":"Shield and Spear","floor":55,"turns":3},{"damage":13,"enemies":"The Heart","floor":56,"turns":5}],"seed_played":"4075389583507103513","neow_bonus_log":{"cardsObtained":[],"cardsUpgraded":[],"cardsRemoved":[],"cardsTransformed":[],"relicsObtained":[],"maxHpGained":0,"goldGained":0,"damageTaken":0,"goldLost":0,"maxHpLost":0},"potions_obtained":[{"floor":1,"key":"SpeedPotion"},{"floor":3,"key":"CultistPotion"},{"floor":11,"key":"SneckoOil"},{"floor":13,"key":"ColorlessPotion"},{"floor":14,"key":"EntropicBrew"},{"floor":16,"key":"LiquidMemories"},{"floor":18,"key":"DistilledChaos"},{"floor":25,"key":"ColorlessPotion"},{"floor":28,"key":"SneckoOil"},{"floor":31,"key":"Weak Potion"},{"floor":35,"key":"Swift Potion"},{"floor":38,"key":"SkillPotion"},{"floor":40,"key":"Fire Potion"},{"floor":46,"key":"Block Potion"},{"floor":48,"key":"DuplicationPotion"},{"floor":55,"key":"HeartOfIron"}],"is_trial":false,"path_per_floor":["M","M","M","M","?","E","R","M","T","?","E","$","E","M","R","B",null,"M","M","M","?","$","E","$","M","T","R","M","E","M","E","R","B",null,"M","M","M","M","$","E","R","?","T","M","M","E","T","E","R","B","B",null,"R","$","E","B",null],"character_chosen":"IRONCLAD","items_purchased":["Potion Belt","Dark Shackles","Fruit Juice","PrismaticShard"],"campfire_rested":0,"item_purchase_floors":[12,12,22,39],"current_hp_per_floor":[72,75,75,72,72,57,57,54,54,59,44,44,30,32,32,37,69,59,61,67,44,44,48,48,49,49,49,55,61,43,49,49,16,75,81,87,93,93,95,95,95,95,95,95,95,95,95,95,95,95,95,95,95,95,95,95],"gold":72,"neow_bonus":"RANDOM_COLORLESS","is_prod":false,"is_daily":false,"rewards_skipped":[],"chose_seed":false,"campfire_upgraded":4,"win_rate":0,"floor_exit_playtime":[527,706,841,969,1002,1137,1145,1245,1276,1321,1501,1659,1791,1929,1938,2163,2403,2601,2768,2853,2903,2978,3144,3159,3262,3266,3310,3415,3554,3700,3817,3828,4071,4197,4253,4342,4433,4490,4549,4643,4648,4665,4676,4732,4836,4977,4983,5108,5116,5279,5387,5414,5421,5490,5638,5878],"timestamp":1656007235,"blue_key_relic_skipped_log":{"floor":47,"relicID":"Blue Candle"},"path_taken":["M","M","?","M","?","E","R","?","T","?","E","?","E","M","R","BOSS","M","M","M","?","$","E","$","M","T","R","M","E","M","E","R","BOSS","M","M","M","M","$","E","R","?","T","M","?","E","?","E","R","BOSS","BOSS","R","$","E","BOSS"],"build_version":"2022-03-07","purchased_purges":3,"victory":true,"max_hp_per_floor":[75,75,75,75,75,75,75,75,75,80,80,80,80,80,80,80,80,80,80,80,85,85,95,95,95,95,95,95,95,95,95,95,95,95,95,95,95,95,95,95,95,95,95,95,95,95,95,95,95,95,95,95,95,95,95,95],"relic_stats":{"Girya":2,"Calipers":[183],"counters":[33,130],"Dead Branch":[344],"Bag of Preparation":[36],"Letter Opener":[702],"Boot":[149],"Ancient Tea Set":[10],"Burning Blood":149,"Snecko Eye":[64,70,76,74,-87],"Tiny Chest":1,"MealTicket":2,"obtain_stats":[{"Potion Belt":12,"Girya":46,"Calipers":40,"SacredBark":17,"Dead Branch":29,"Thread and Needle":55,"Bag of Preparation":26,"Letter Opener":11,"Boot":9,"Ancient Tea Set":23,"PrismaticShard":39,"Burning Blood":0,"Anchor":43,"CaptainsWheel":48,"Snecko Eye":34,"Tiny Chest":13,"MealTicket":31,"Unceasing Top":6},{"Potion Belt":7,"Girya":28,"Calipers":25,"SacredBark":10,"Dead Branch":17,"Thread and Needle":32,"Bag of Preparation":15,"Letter Opener":7,"Boot":6,"Ancient Tea Set":14,"PrismaticShard":24,"Burning Blood":0,"Anchor":25,"CaptainsWheel":29,"Snecko Eye":20,"Tiny Chest":8,"MealTicket":19,"Unceasing Top":5},{"Potion Belt":32,"Girya":109,"Calipers":100,"SacredBark":48,"Dead Branch":76,"Thread and Needle":125,"Bag of Preparation":69,"Letter Opener":32,"Boot":25,"Ancient Tea Set":67,"PrismaticShard":97,"Burning Blood":0,"Anchor":100,"CaptainsWheel":112,"Snecko Eye":88,"Tiny Chest":38,"MealTicket":83,"Unceasing Top":22}],"Unceasing Top":[14]},"card_choices":[{"not_picked":["Purity","Forethought"],"picked":"Dark Shackles","floor":0},{"not_picked":["Warcry","Armaments"],"picked":"Spot Weakness","floor":1},{"not_picked":["Havoc","Clash"],"picked":"Warcry","floor":2},{"not_picked":["Clash","Impervious"],"picked":"Carnage","floor":3},{"not_picked":["Spot Weakness","Rage"],"picked":"Battle Trance","floor":4},{"not_picked":["Shrug It Off","Second Wind"],"picked":"Pummel","floor":6},{"not_picked":["Clothesline","Twin Strike"],"picked":"Shockwave","floor":8},{"not_picked":["Uppercut","Infernal Blade","Dual Wield"],"picked":"SKIP","floor":11},{"not_picked":["Warcry","Thunderclap"],"picked":"Berserk","floor":13},{"not_picked":["Iron Wave","Burning Pact"],"picked":"Warcry","floor":14},{"not_picked":["Reaper","Feed"],"picked":"Corruption","floor":16},{"not_picked":["Anger","Power Through"],"picked":"True Grit+1","floor":18},{"not_picked":["Searing Blow","Clash+1"],"picked":"Sentinel","floor":19},{"not_picked":["Rupture+1","True Grit"],"picked":"Pummel","floor":20},{"not_picked":["Warcry","Thunderclap","Berserk"],"picked":"SKIP","floor":23},{"not_picked":["Dual Wield","Armaments"],"picked":"Iron Wave+1","floor":25},{"not_picked":["Iron Wave","Sever Soul+1"],"picked":"Inflame+1","floor":28},{"not_picked":["Wild Strike","Shrug It Off"],"picked":"Flame Barrier","floor":29},{"not_picked":["Inflame","True Grit"],"picked":"Demon Form","floor":30},{"not_picked":["Hemokinesis","Ghostly Armor","Shrug It Off"],"picked":"SKIP","floor":31},{"not_picked":["Immolate","Berserk"],"picked":"Limit Break","floor":33},{"not_picked":["Twin Strike+1","Hemokinesis","Rampage"],"picked":"SKIP","floor":35},{"not_picked":["Clothesline","Carnage+1","Twin Strike"],"picked":"SKIP","floor":36},{"not_picked":["Clothesline","Power Through+1","Clash"],"picked":"SKIP","floor":38},{"not_picked":["Dropkick","Wireheading"],"picked":"Blade Dance","floor":40},{"not_picked":["Headbutt","Gash+1","Ball Lightning"],"picked":"SKIP","floor":44},{"not_picked":["Berserk","True Grit","Flex+1"],"picked":"SKIP","floor":45},{"not_picked":["Caltrops","Sucker Punch+1"],"picked":"Reaper","floor":46},{"not_picked":["Jack Of All Trades","Reboot"],"picked":"Worship","floor":48},{"not_picked":["Expertise","Catalyst"],"picked":"Heavy Blade","floor":55}],"player_experience":7229547,"relics_obtained":[{"floor":6,"key":"Unceasing Top"},{"floor":9,"key":"Boot"},{"floor":11,"key":"Letter Opener"},{"floor":13,"key":"Tiny Chest"},{"floor":23,"key":"Ancient Tea Set"},{"floor":26,"key":"Bag of Preparation"},{"floor":29,"key":"Dead Branch"},{"floor":31,"key":"MealTicket"},{"floor":40,"key":"Calipers"},{"floor":43,"key":"Anchor"},{"floor":46,"key":"Girya"},{"floor":48,"key":"CaptainsWheel"},{"floor":55,"key":"Thread and Needle"}],"event_choices":[{"damage_healed":0,"gold_gain":0,"player_choice":"0 cards matched","damage_taken":0,"max_hp_gain":0,"max_hp_loss":0,"event_name":"Match and Keep!","floor":5,"gold_loss":0,"cards_obtained":[]},{"damage_healed":0,"gold_gain":0,"player_choice":"Donut","damage_taken":0,"max_hp_gain":5,"max_hp_loss":0,"event_name":"Big Fish","floor":10,"gold_loss":0},{"damage_healed":0,"gold_gain":0,"player_choice":"Shed Blood","damage_taken":28,"max_hp_gain":5,"max_hp_loss":0,"event_name":"Forgotten Altar","floor":21,"gold_loss":0},{"damage_healed":0,"gold_gain":0,"player_choice":"0 cards matched","damage_taken":0,"max_hp_gain":0,"max_hp_loss":0,"event_name":"Match and Keep!","floor":42,"gold_loss":0,"cards_obtained":[]}],"is_beta":false,"boss_relics":[{"not_picked":["Tiny House","Mark of Pain"],"picked":"SacredBark"},{"not_picked":["Fusion Hammer","Runic Pyramid"],"picked":"Snecko Eye"}],"items_purged_floors":[24,39,54],"is_endless":false,"potions_floor_spawned":[1,3,11,13,14,16,18,25,28,31,35,38,40,46,48,55],"ascension_level":20,"potion_discard_per_floor":[[],[],[],[],[],[],[],[],[],[],[],[],[],[],[],[],[],[],[],[],[],[],[],[],[],[],[],[],[],[],[],[],[],[],[],[],[],[],[],["Weak Potion"],[],[],[],[],[],[],[],[],[],[],[],[],[],[],[],[],[]]}