{"neow_bonuses_skipped_log":["REMOVE_CARD","THREE_SMALL_POTIONS","BOSS_RELIC"],"neow_costs_skipped_log":["NONE","NONE","NONE"],"gold_per_floor":[18,37,37,48,62,89,89,33,33,68,79,79,107,127,127,200,200,212,212,212,226,243,243,271,271],"floor_reached":25,"playtime":2128,"items_purged":[],"score":586,"play_id":"987ed110-7ab1-47d8-b1fb-52738308941b","local_time":"20220702172131","score_breakdown":["Floors Climbed (25): 125","Enemies Slain (9): 18","Exordium Elites Killed (3): 30","City Elites Killed (1): 20","Bosses Slain (1): 50","Perfect (1): 50","Ascension (20): 293"],"is_ascension_mode":true,"campfire_choices":[{"floor":7,"key":"REST"},{"data":"Pommel Strike","floor":12,"key":"SMITH"},{"data":"Evolve","floor":15,"key":"SMITH"},{"floor":23,"key":"REST"}],"neow_cost":"NO_GOLD","seed_source_timestamp":4264526685991300,"shop_contents":[{"floor":8,"relics":["Lizard Tail","Red Skull","TheAbacus"],"cards":["Sever Soul","Uppercut","Offering","Shrug It Off","Inflame","Finesse","Master of Strategy"],"potions":["DuplicationPotion","LiquidMemories"]}],"circlet_count":0,"master_deck":["AscendersBane","Strike_R","Strike_R","Strike_R","Strike_R","Strike_R","Defend_R","Defend_R","Defend_R","Defend_R","Bash","Juggernaut","Reckless Charge","Pommel Strike+1","Headbutt","Combust","Flame Barrier","Metallicize","Shockwave","Evolve+1","Bludgeon+1","Shrug It Off","Disarm"],"potion_use_per_floor":[[],["ColorlessPotion"],[],[],[],[],[],[],[],["Fire Potion"],["SneckoOil"],[],[],[],[],[],[],["FearPotion"],[],[],[],[],[],[],[]],"relics":["Burning Blood","Darkstone Periapt","Incense Burner","Champion Belt","Matryoshka","Philosopher\u0027s Stone","Unceasing Top"],"potions_floor_usage":[2,10,11,18],"damage_taken":[{"damage":7,"enemies":"2 Louse","floor":1,"turns":3},{"damage":7,"enemies":"Jaw Worm","floor":2,"turns":3},{"damage":1,"enemies":"Cultist","floor":4,"turns":3},{"damage":7,"enemies":"Looter","floor":5,"turns":3},{"damage":47,"enemies":"Lagavulin","floor":6,"turns":8},{"damage":11,"enemies":"Gremlin Nob","floor":10,"turns":3},{"damage":7,"enemies":"Gremlin Gang","floor":11,"turns":7},{"damage":24,"enemies":"Lagavulin","floor":13,"turns":7},{"damage":0,"enemies":"Exordium Wildlife","floor":14,"turns":4},{"damage":5,"enemies":"Slime Boss","floor":16,"turns":9},{"damage":13,"enemies":"2 Thieves","floor":18,"turns":3},{"damage":14,"enemies":"Shell Parasite","floor":21,"turns":4},{"damage":22,"enemies":"Centurion and Healer","floor":22,"turns":10},{"damage":41,"enemies":"Gremlin Leader","floor":24,"turns":8},{"damage":24,"enemies":"Shelled Parasite and Fungi","floor":25,"turns":1}],"seed_played":"-2801905895452794646","neow_bonus_log":{"cardsObtained":[],"cardsUpgraded":[],"cardsRemoved":[],"cardsTransformed":[],"relicsObtained":[],"maxHpGained":0,"goldGained":0,"damageTaken":0,"goldLost":99,"maxHpLost":0},"potions_obtained":[{"floor":1,"key":"ColorlessPotion"},{"floor":6,"key":"SneckoOil"},{"floor":13,"key":"FearPotion"},{"floor":14,"key":"Ancient Potion"},{"floor":16,"key":"CultistPotion"},{"floor":18,"key":"SteroidPotion"},{"floor":22,"key":"CultistPotion"}],"is_trial":false,"path_per_floor":["M","M","?","M","M","E","R","$","T","E","M","R","E","M","R","B",null,"M","?","?","M","M","R","E","M"],"character_chosen":"IRONCLAD","items_purchased":["Fire Potion"],"campfire_rested":2,"item_purchase_floors":[8],"current_hp_per_floor":[67,66,55,60,59,18,40,40,40,35,34,34,16,22,22,23,62,55,55,55,47,31,53,18,0],"gold":271,"neow_bonus":"THREE_RARE_CARDS","is_prod":false,"is_daily":false,"rewards_skipped":[],"chose_seed":false,"campfire_upgraded":2,"win_rate":0,"floor_exit_playtime":[212,277,291,338,421,551,556,584,593,692,843,868,1011,1122,1142,1353,1484,1579,1598,1635,1715,1862,1866,2117],"timestamp":1656796891,"path_taken":["M","M","?","M","M","E","R","?","T","E","M","R","E","M","R","BOSS","M","?","?","M","M","R","E","M"],"build_version":"2022-03-07","purchased_purges":0,"victory":false,"max_hp_per_floor":[75,75,75,75,75,75,75,75,75,75,75,75,75,75,75,75,75,75,75,75,75,75,75,75,75],"relic_stats":{"Darkstone Periapt":0,"Matryoshka":0,"counters":[15,76],"Champion Belt":[16],"obtain_stats":[{"Darkstone Periapt":6,"Matryoshka":13,"Philosopher\u0027s Stone":17,"Incense Burner":9,"Champion Belt":10,"Burning Blood":0,"Unceasing Top":24},{"Darkstone Periapt":5,"Matryoshka":8,"Philosopher\u0027s Stone":10,"Incense Burner":5,"Champion Belt":6,"Burning Blood":0,"Unceasing Top":14},{"Darkstone Periapt":20,"Matryoshka":37,"Philosopher\u0027s Stone":50,"Incense Burner":20,"Champion Belt":23,"Burning Blood":0,"Unceasing Top":75}],"Burning Blood":84,"Unceasing Top":[0]},"card_choices":[{"not_picked":["Exhume","Double Tap"],"picked":"Juggernaut","floor":0},{"not_picked":["Flex","Thunderclap"],"picked":"Reckless Charge","floor":1},{"not_picked":["Seeing Red","Entrench"],"picked":"Pommel Strike","floor":2},{"not_picked":["Sword Boomerang","Bloodletting"],"picked":"Headbutt","floor":4},{"not_picked":["Perfected Strike","Shockwave"],"picked":"Combust","floor":5},{"not_picked":["Havoc","Ghostly Armor"],"picked":"Flame Barrier","floor":6},{"not_picked":["Spot Weakness","Reaper"],"picked":"Metallicize","floor":10},{"not_picked":["Sword Boomerang","Rage"],"picked":"Shockwave","floor":11},{"not_picked":["Seeing Red","Carnage"],"picked":"Evolve","floor":13},{"not_picked":["Cleave","Dropkick","Iron Wave"],"picked":"SKIP","floor":14},{"not_picked":["Double Tap","Brutality"],"picked":"Bludgeon","floor":16},{"not_picked":["Wild Strike","Twin Strike","Sever Soul"],"picked":"SKIP","floor":18},{"not_picked":["Iron Wave","Sword Boomerang"],"picked":"Shrug It Off","floor":21},{"not_picked":["Flex","Wild Strike","Infernal Blade"],"picked":"SKIP","floor":22},{"not_picked":["Flex","Wild Strike","Infernal Blade"],"picked":"SKIP","floor":22},{"not_picked":["Wild Strike","Cleave"],"picked":"Disarm","floor":24}],"player_experience":7312307,"relics_obtained":[{"floor":6,"key":"Darkstone Periapt"},{"floor":9,"key":"Incense Burner"},{"floor":10,"key":"Champion Belt"},{"floor":13,"key":"Matryoshka"},{"floor":24,"key":"Unceasing Top"}],"event_choices":[{"damage_healed":0,"gold_gain":0,"player_choice":"Fled","damage_taken":11,"max_hp_gain":0,"max_hp_loss":0,"event_name":"Scrap Ooze","floor":3,"gold_loss":0},{"damage_healed":0,"gold_gain":0,"player_choice":"Ignored","damage_taken":0,"max_hp_gain":0,"max_hp_loss":0,"event_name":"Ghosts","floor":19,"gold_loss":0},{"damage_healed":0,"gold_gain":0,"player_choice":"Forge","damage_taken":0,"max_hp_gain":0,"max_hp_loss":0,"event_name":"Accursed Blacksmith","floor":20,"gold_loss":0,"cards_upgraded":["Bludgeon"]}],"is_beta":false,"boss_relics":[{"not_picked":["Astrolabe","Black Star"],"picked":"Philosopher\u0027s Stone"}],"items_purged_floors":[],"is_endless":false,"potions_floor_spawned":[1,6,13,14,16,18,22],"killed_by":"Shelled Parasite and Fungi","ascension_level":20,"potion_discard_per_floor":[[],[],[],[],[],[],[],[],[],[],[],[],[],[],[],["Ancient Potion"],[],[],[],[],[],["CultistPotion"],[],[],[]]}