{"neow_bonuses_skipped_log":["UPGRADE_CARD","TEN_PERCENT_HP_BONUS","BOSS_RELIC"],"neow_costs_skipped_log":["NONE","NONE","NONE"],"gold_per_floor":[115,125,140,7,7,7,49,49,75,95,95,120,120,120,120,204,204,226,249,2,23,23,58,85,18,18,18,18,33,66,91,103,201,213,252,283,320,332,344,390,402,414,426,477,510,558,595,620,632,644,656,668,680,28,59,59],"floor_reached":57,"playtime":7019,"items_purged":["Strike_R","Strike_R","Parasite"],"score":2853,"play_id":"d72ec51e-456a-4ffa-9e29-002a84cf6365","local_time":"20220706142612","score_breakdown":["Floors Climbed (57): 285","Enemies Slain (17): 34","Exordium Elites Killed (2): 20","City Elites Killed (2): 40","Beyond Elites Killed (2): 60","Bosses Slain (5): 750","Money Money (1127): 25","Champion (2): 50","Overkill: 25","C-c-c-combo: 25","Ascension (20): 1289","Heartbreaker: 250"],"is_ascension_mode":true,"campfire_choices":[{"data":"Hemokinesis","floor":6,"key":"SMITH"},{"data":"Body Slam","floor":8,"key":"SMITH"},{"data":"Impervious","floor":11,"key":"SMITH"},{"data":"Barricade","floor":13,"key":"SMITH"},{"data":"Bash","floor":15,"key":"SMITH"},{"floor":27,"key":"REST"},{"floor":32,"key":"RECALL"},{"floor":41,"key":"REST"},{"floor":49,"key":"REST"},{"floor":53,"key":"REST"}],"neow_cost":"TEN_PERCENT_HP_LOSS","seed_source_timestamp":180617950378100,"shop_contents":[{"floor":4,"relics":["Pen Nib","Boot","Brimstone"],"cards":["Twin Strike","Shrug It Off","Shockwave","Evolve","Deep Breath","Violence"],"potions":["Energy Potion","FearPotion","FearPotion"]},{"floor":20,"relics":["Singing Bowl","Turnip","PrismaticShard"],"cards":["Pommel Strike","Wild Strike","Intimidate","Good Instincts","Chrysalis"],"potions":["FearPotion","SkillPotion","Fruit Juice"]},{"floor":25,"relics":["Strawberry","Mummified Hand","Sling"],"cards":["Bludgeon","Hemokinesis","Offering","Metallicize","Panacea","HandOfGreed"],"potions":["FearPotion","Ancient Potion","BlessingOfTheForge"]},{"floor":54,"relics":["ClockworkSouvenir"],"cards":["Feed","Body Slam","Power Through","Inflame","Swift Strike","Metamorphosis"],"potions":["Strength Potion","Explosive Potion"]}],"circlet_count":0,"master_deck":["AscendersBane","Defend_R","Defend_R","Defend_R","Defend_R","Bash+1","Hemokinesis+1","Impervious+1","Anger","Body Slam+1","Barricade+1","Exhume","Bloodletting","Flame Barrier","Entrench","Feel No Pain","Shrug It Off+1","Dark Embrace","Headbutt","Second Wind","Fiend Fire","Shockwave","Feel No Pain+1","Feel No Pain","Burning Pact","Entrench","Warcry+1","Armaments+1","Shrug It Off"],"potion_use_per_floor":[[],[],[],[],[],[],[],[],[],[],[],["Energy Potion"],[],[],[],[],[],[],[],[],[],[],[],[],[],[],[],[],[],[],[],[],[],[],["Fruit Juice"],[],[],[],[],[],[],[],[],[],[],["ColorlessPotion"],[],[],[],[],["BlessingOfTheForge"],[],[],[],[],["Ancient Potion"],[]],"relics":["Burning Blood","CeramicFish","Omamori","Unceasing Top","Fusion Hammer","Vajra","Art of War","MawBank","Runic Dome","Champion Belt","Smiling Mask","Happy Flower","Torii","Oddly Smooth Stone"],"potions_floor_usage":[12,35,46,51,56],"damage_taken":[{"damage":3,"enemies":"2 Louse","floor":1,"turns":4},{"damage":6,"enemies":"Small Slimes","floor":2,"turns":4},{"damage":2,"enemies":"Cultist","floor":3,"turns":2},{"damage":35,"enemies":"Gremlin Nob","floor":7,"turns":4},{"damage":2,"enemies":"Looter","floor":10,"turns":2},{"damage":37,"enemies":"3 Sentries","floor":12,"turns":12},{"damage":23,"enemies":"Hexaghost","floor":16,"turns":8},{"damage":3,"enemies":"Spheric Guardian","floor":18,"turns":4},{"damage":0,"enemies":"Chosen","floor":19,"turns":6},{"damage":10,"enemies":"Centurion and Healer","floor":21,"turns":8},{"damage":26,"enemies":"Book of Stabbing","floor":23,"turns":6},{"damage":7,"enemies":"3 Cultists","floor":24,"turns":7},{"damage":2,"enemies":"Cultist and Chosen","floor":29,"turns":6},{"damage":8,"enemies":"Gremlin Leader","floor":30,"turns":3},{"damage":5,"enemies":"Centurion and Healer","floor":31,"turns":5},{"damage":26,"enemies":"Automaton","floor":33,"turns":7},{"damage":3,"enemies":"Orb Walker","floor":35,"turns":2},{"damage":4,"enemies":"3 Darklings","floor":36,"turns":5},{"damage":10,"enemies":"Maw","floor":37,"turns":8},{"damage":6,"enemies":"Giant Head","floor":40,"turns":7},{"damage":25,"enemies":"Reptomancer","floor":44,"turns":5},{"damage":3,"enemies":"4 Shapes","floor":45,"turns":6},{"damage":5,"enemies":"Writhing Mass","floor":46,"turns":5},{"damage":46,"enemies":"3 Darklings","floor":47,"turns":9},{"damage":0,"enemies":"Sphere and 2 Shapes","floor":48,"turns":5},{"damage":14,"enemies":"Donu and Deca","floor":50,"turns":7},{"damage":21,"enemies":"Awakened One","floor":51,"turns":12},{"damage":68,"enemies":"Shield and Spear","floor":55,"turns":10},{"damage":7,"enemies":"The Heart","floor":56,"turns":8}],"seed_played":"-4316962628831861105","neow_bonus_log":{"cardsObtained":[],"cardsUpgraded":[],"cardsRemoved":["Strike_R","Strike_R"],"cardsTransformed":[],"relicsObtained":[],"maxHpGained":0,"goldGained":0,"damageTaken":0,"goldLost":0,"maxHpLost":7},"potions_obtained":[{"floor":10,"key":"Energy Potion"},{"floor":19,"key":"SmokeBomb"},{"floor":23,"key":"ColorlessPotion"},{"floor":24,"key":"Weak Potion"},{"floor":31,"key":"Fruit Juice"},{"floor":35,"key":"Strength Potion"},{"floor":37,"key":"BlessingOfTheForge"}],"is_trial":false,"path_per_floor":["M","M","M","$","?","R","E","R","T","M","R","E","R","?","R","B",null,"M","M","$","M","?","E","M","$","T","R","?","M","E","M","R","B",null,"M","M","M","?","?","E","R","?","T","E","M","M","M","M","R","B","B",null,"R","$","E","B",null],"character_chosen":"IRONCLAD","items_purchased":["Body Slam","Entrench","Feel No Pain","Second Wind","Happy Flower","Torii","Ancient Potion","Shrug It Off"],"campfire_rested":4,"item_purchase_floors":[4,20,20,25,54,54,54,54],"current_hp_per_floor":[68,68,68,68,68,68,39,39,39,43,43,12,12,29,29,12,54,57,63,63,59,68,48,47,47,47,67,67,68,66,67,67,47,63,71,73,69,69,73,73,73,73,73,54,57,58,18,24,45,37,22,60,73,70,8,7],"gold":59,"neow_bonus":"REMOVE_TWO","is_prod":false,"is_daily":false,"rewards_skipped":[{"floor":29,"relics":[],"potions":["SteroidPotion"]},{"floor":44,"relics":[],"potions":["BlessingOfTheForge"]},{"floor":45,"relics":[],"potions":["Strength Potion"]}],"chose_seed":false,"campfire_upgraded":5,"win_rate":0,"floor_exit_playtime":[422,531,600,765,772,795,918,948,961,1048,1073,1307,1313,1388,1410,1549,3138,3243,3362,3475,3588,3611,3728,3874,3949,3960,3997,4014,4137,4240,4313,4319,4495,4582,4642,4736,4849,4854,4883,5043,5048,5112,5122,5302,5411,5520,5672,5794,5798,5946,6505,6528,6540,6600,6769,7019],"timestamp":1657131972,"blue_key_relic_skipped_log":{"floor":43,"relicID":"Toy Ornithopter"},"path_taken":["M","M","M","$","?","R","E","R","T","M","R","E","R","?","R","BOSS","M","M","$","M","?","E","M","?","T","R","?","M","E","M","R","BOSS","M","M","M","?","?","E","R","?","T","E","M","M","M","?","R","BOSS","BOSS","R","$","E","BOSS"],"build_version":"2022-03-07","purchased_purges":3,"victory":true,"max_hp_per_floor":[68,68,68,68,68,68,68,68,68,68,68,68,68,68,68,68,68,68,68,68,68,68,68,68,68,68,68,68,68,68,68,68,68,68,73,73,73,73,73,73,73,73,73,73,73,73,73,73,73,73,73,73,73,70,70,70],"relic_stats":{"Happy Flower":[6],"Torii":0,"counters":[29,177],"CeramicFish":180,"Omamori":2,"Art of War":[33],"Champion Belt":[21],"MawBank":288,"Smiling Mask":75,"obtain_stats":[{"Happy Flower":54,"Torii":54,"CeramicFish":7,"Vajra":23,"Oddly Smooth Stone":55,"Omamori":9,"MawBank":30,"Smiling Mask":44,"Burning Blood":0,"Runic Dome":34,"Fusion Hammer":17,"Art of War":26,"Champion Belt":40,"Unceasing Top":12},{"Happy Flower":27,"Torii":27,"CeramicFish":4,"Vajra":11,"Oddly Smooth Stone":28,"Omamori":4,"MawBank":14,"Smiling Mask":21,"Burning Blood":0,"Runic Dome":16,"Fusion Hammer":7,"Art of War":12,"Champion Belt":20,"Unceasing Top":6},{"Happy Flower":159,"Torii":159,"CeramicFish":14,"Vajra":60,"Oddly Smooth Stone":169,"Omamori":14,"MawBank":76,"Smiling Mask":115,"Burning Blood":0,"Runic Dome":88,"Fusion Hammer":36,"Art of War":67,"Champion Belt":110,"Unceasing Top":28}],"Burning Blood":164,"Unceasing Top":[125]},"card_choices":[{"not_picked":["Clothesline","Heavy Blade"],"picked":"Hemokinesis","floor":1},{"not_picked":["Body Slam","Burning Pact"],"picked":"Impervious","floor":2},{"not_picked":["Clash","True Grit"],"picked":"Anger","floor":3},{"not_picked":["Pommel Strike","Clothesline"],"picked":"Barricade","floor":7},{"not_picked":["Sentinel","Dropkick","Anger"],"picked":"SKIP","floor":10},{"not_picked":["Wild Strike","Whirlwind","Havoc"],"picked":"SKIP","floor":12},{"not_picked":["Wild Strike","Whirlwind","Havoc"],"picked":"SKIP","floor":12},{"not_picked":["Demon Form","Barricade"],"picked":"Exhume","floor":16},{"not_picked":["Clash","Sword Boomerang"],"picked":"Bloodletting","floor":18},{"not_picked":["Thunderclap+1","Clash"],"picked":"Flame Barrier","floor":19},{"not_picked":["Flex","Headbutt"],"picked":"Shrug It Off+1","floor":21},{"not_picked":["Warcry","Pummel"],"picked":"Dark Embrace","floor":23},{"not_picked":["Clothesline","Cleave"],"picked":"Headbutt","floor":24},{"not_picked":["Intimidate","Pommel Strike","Bloodletting"],"picked":"SKIP","floor":29},{"not_picked":["Sever Soul","Brutality","Thunderclap"],"picked":"SKIP","floor":30},{"not_picked":["Clash","Perfected Strike","Headbutt"],"picked":"SKIP","floor":31},{"not_picked":["Berserk","Barricade"],"picked":"Fiend Fire","floor":33},{"not_picked":["Dropkick+1","Perfected Strike"],"picked":"Shockwave","floor":35},{"not_picked":["Flex","Clash"],"picked":"Feel No Pain+1","floor":36},{"not_picked":["Infernal Blade","Pommel Strike"],"picked":"Feel No Pain","floor":37},{"not_picked":["Dropkick","Flex+1","Headbutt"],"picked":"SKIP","floor":40},{"not_picked":["True Grit","Armaments"],"picked":"Burning Pact","floor":44},{"not_picked":["Whirlwind","Flex"],"picked":"Entrench","floor":45},{"not_picked":["Infernal Blade","Shockwave"],"picked":"Warcry+1","floor":46},{"not_picked":["Warcry","Fire Breathing+1"],"picked":"Armaments+1","floor":47},{"not_picked":["Sword Boomerang+1","Power Through","Iron Wave"],"picked":"SKIP","floor":48},{"not_picked":["Sword Boomerang","Sever Soul+1","Bludgeon"],"picked":"SKIP","floor":55},{"not_picked":["Sword Boomerang","Sever Soul+1","Bludgeon"],"picked":"SKIP","floor":55}],"player_experience":7336086,"relics_obtained":[{"floor":7,"key":"CeramicFish"},{"floor":9,"key":"Omamori"},{"floor":12,"key":"Unceasing Top"},{"floor":23,"key":"Vajra"},{"floor":26,"key":"Art of War"},{"floor":30,"key":"MawBank"},{"floor":40,"key":"Champion Belt"},{"floor":44,"key":"Smiling Mask"},{"floor":55,"key":"Oddly Smooth Stone"}],"event_choices":[{"damage_healed":0,"gold_gain":0,"player_choice":"Ignored","damage_taken":0,"max_hp_gain":0,"max_hp_loss":0,"event_name":"Liars Game","floor":5,"gold_loss":0},{"damage_healed":17,"gold_gain":0,"player_choice":"Healed and dodged fight","damage_taken":0,"max_hp_gain":0,"max_hp_loss":0,"event_name":"Mushrooms","floor":14,"gold_loss":0,"cards_obtained":["Parasite"]},{"damage_healed":9,"gold_gain":0,"player_choice":"Full Heal","damage_taken":0,"max_hp_gain":0,"max_hp_loss":0,"event_name":"Wheel of Change","floor":22,"gold_loss":0},{"cards_removed":["Strike_R"],"damage_healed":0,"gold_gain":0,"player_choice":"Offered Basic","damage_taken":0,"max_hp_gain":0,"max_hp_loss":0,"event_name":"Bonfire Elementals","floor":28,"gold_loss":0},{"damage_healed":0,"gold_gain":0,"player_choice":"Ignored","damage_taken":0,"max_hp_gain":0,"max_hp_loss":0,"event_name":"Tomb of Lord Red Mask","floor":38,"gold_loss":0},{"damage_healed":15,"gold_gain":0,"player_choice":"Writhe","damage_taken":0,"max_hp_gain":0,"max_hp_loss":0,"event_name":"Winding Halls","floor":39,"gold_loss":0,"cards_obtained":["Writhe"]},{"damage_healed":0,"gold_gain":0,"player_choice":"Ignored","damage_taken":0,"max_hp_gain":0,"max_hp_loss":0,"event_name":"Mysterious Sphere","floor":42,"gold_loss":0}],"is_beta":false,"boss_relics":[{"not_picked":["Calling Bell","Philosopher\u0027s Stone"],"picked":"Fusion Hammer"},{"not_picked":["Velvet Choker","Pandora\u0027s Box"],"picked":"Runic Dome"}],"items_purged_floors":[4,20,54],"is_endless":false,"potions_floor_spawned":[10,19,23,24,29,31,35,37,44,45],"ascension_level":20,"potion_discard_per_floor":[[],[],[],[],[],[],[],[],[],[],[],[],[],[],[],[],[],[],[],[],[],[],[],["SmokeBomb"],[],[],[],[],[],[],["Weak Potion"],[],[],[],[],[],["Strength Potion"],[],[],[],[],[],[],[],[],[],[],[],[],[],[],[],[],[],[],[],[]]}