{"gold_per_floor":[117,127,137,113,24,57,57,92,92,117,128,148,15,33,33,106,106,86,104,104,120,137,137,137,153,176,197,122,122,154,174,174,259,259,269,31,50,74,94,135,135,135,211,228,262,288,300,323,323,323,323,323,323,0,28,28],"floor_reached":57,"playtime":8890,"items_purged":["Strike_R"],"score":2849,"play_id":"0f9132cc-10b2-4525-a5f4-2a783e3a5622","local_time":"20220708221602","is_ascension_mode":true,"campfire_choices":[{"data":"Armaments","floor":7,"key":"SMITH"},{"data":"Carnage","floor":15,"key":"SMITH"},{"data":"RitualDagger","floor":23,"key":"SMITH"},{"data":"Uppercut","floor":29,"key":"SMITH"},{"data":"Feel No Pain","floor":32,"key":"SMITH"},{"floor":41,"key":"RECALL"}],"neow_cost":"NONE","seed_source_timestamp":819161948665900,"shop_contents":[{"floor":5,"relics":["Blood Vial","Pen Nib","Medical Kit"],"cards":["Iron Wave","Sever Soul","True Grit","Evolve","Purity","HandOfGreed"],"potions":["FearPotion","Dexterity Potion","LiquidBronze"]},{"floor":13,"relics":["Juzu Bracelet","Magic Flower","Membership Card"],"cards":["Twin Strike","Rampage","Flex","Armaments","Impatience","Violence"],"potions":["ElixirPotion","HeartOfIron"]},{"floor":36,"relics":["Self Forming Clay","Kunai"],"cards":["Sever Soul","Dropkick","Sentinel","Warcry","Deep Breath","HandOfGreed"],"potions":["Explosive Potion","DistilledChaos","HeartOfIron"]},{"floor":54,"relics":["Paper Frog","Red Skull"],"cards":["Searing Blow","Cleave","Power Through","Shrug It Off","Finesse","Metamorphosis"],"potions":["Ancient Potion","LiquidBronze"]}],"circlet_count":0,"master_deck":["AscendersBane","Strike_R","Strike_R","Strike_R","Defend_R","Defend_R","Defend_R","Defend_R","Bash","Twin Strike","Clothesline","Armaments+1","Spot Weakness","Corruption","Sentinel","Cleave","Feel No Pain+1","Carnage+1","Barricade","Havoc","RitualDagger+1","Flame Barrier","Shrug It Off","Ghostly","Ghostly","Ghostly","Uppercut+1","Flame Barrier","Exhume","Dark Embrace","Spot Weakness","Shockwave","Warcry+1","Shrug It Off+1","Battle Trance","Burning Pact","Pommel Strike+1","Feel No Pain"],"potion_use_per_floor":[[],[],[],["SpeedPotion"],[],[],[],["Dexterity Potion"],[],["SteroidPotion"],[],["EssenceOfSteel","EntropicBrew","Block Potion"],[],[],[],["Weak Potion","EssenceOfSteel"],[],[],["Fire Potion"],[],["Strength Potion"],[],[],[],[],[],[],[],[],["DuplicationPotion","ColorlessPotion"],[],[],["LiquidMemories"],[],[],[],[],[],[],["SkillPotion","GamblersBrew"],[],[],[],[],[],[],[],[],[],["SteroidPotion"],[],[],[],[],["DistilledChaos"],["Dexterity Potion","EssenceOfSteel","Weak Potion"],[]],"relics":["Burning Blood","Omamori","Potion Belt","Ancient Tea Set","Matryoshka","Coffee Dripper","CeramicFish","Toy Ornithopter","Mango","Fusion Hammer","ClockworkSouvenir","Torii","StrikeDummy","Mercury Hourglass","FossilizedHelix","Happy Flower","Orrery","Bronze Scales"],"potions_floor_usage":[4,8,10,12,12,12,16,16,19,21,30,30,33,40,40,50,55,56,56,56],"damage_taken":[{"damage":13,"enemies":"Jaw Worm","floor":1,"turns":6},{"damage":11,"enemies":"2 Louse","floor":2,"turns":3},{"damage":0,"enemies":"Small Slimes","floor":3,"turns":2},{"damage":8,"enemies":"Exordium Thugs","floor":4,"turns":4},{"damage":29,"enemies":"Gremlin Nob","floor":6,"turns":4},{"damage":6,"enemies":"Lagavulin","floor":8,"turns":7},{"damage":30,"enemies":"3 Sentries","floor":10,"turns":6},{"damage":8,"enemies":"Looter","floor":11,"turns":4},{"damage":2,"enemies":"Exordium Wildlife","floor":12,"turns":6},{"damage":4,"enemies":"2 Fungi Beasts","floor":14,"turns":4},{"damage":16,"enemies":"The Guardian","floor":16,"turns":12},{"damage":14,"enemies":"2 Thieves","floor":18,"turns":4},{"damage":6,"enemies":"Spheric Guardian","floor":19,"turns":3},{"damage":20,"enemies":"Snecko","floor":21,"turns":5},{"damage":21,"enemies":"Snake Plant","floor":22,"turns":4},{"damage":0,"enemies":"3 Cultists","floor":25,"turns":7},{"damage":17,"enemies":"Shelled Parasite and Fungi","floor":27,"turns":6},{"damage":12,"enemies":"Slavers","floor":30,"turns":7},{"damage":12,"enemies":"Cultist and Chosen","floor":31,"turns":8},{"damage":20,"enemies":"Champ","floor":33,"turns":31},{"damage":11,"enemies":"3 Shapes","floor":35,"turns":8},{"damage":8,"enemies":"Orb Walker","floor":37,"turns":5},{"damage":0,"enemies":"Writhing Mass","floor":38,"turns":7},{"damage":31,"enemies":"Jaw Worm Horde","floor":39,"turns":6},{"damage":17,"enemies":"Nemesis","floor":40,"turns":11},{"damage":1,"enemies":"Sphere and 2 Shapes","floor":44,"turns":10},{"damage":0,"enemies":"Mind Bloom Boss Battle","floor":45,"turns":6},{"damage":0,"enemies":"Giant Head","floor":46,"turns":6},{"damage":3,"enemies":"3 Darklings","floor":47,"turns":7},{"damage":0,"enemies":"Maw","floor":48,"turns":4},{"damage":0,"enemies":"Awakened One","floor":50,"turns":8},{"damage":18,"enemies":"Donu and Deca","floor":51,"turns":9},{"damage":6,"enemies":"Shield and Spear","floor":55,"turns":6},{"damage":39,"enemies":"The Heart","floor":56,"turns":8}],"seed_played":"-2464059254691772704","neow_bonus_log":{"cardsObtained":[],"cardsUpgraded":[],"cardsRemoved":[],"cardsTransformed":[],"relicsObtained":["Omamori"],"maxHpGained":0,"goldGained":0,"damageTaken":0,"goldLost":0,"maxHpLost":0},"potions_obtained":[{"floor":2,"key":"EssenceOfSteel"},{"floor":3,"key":"SpeedPotion"},{"floor":4,"key":"Dexterity Potion"},{"floor":6,"key":"SteroidPotion"},{"floor":11,"key":"EntropicBrew"},{"floor":18,"key":"Strength Potion"},{"floor":22,"key":"DuplicationPotion"},{"floor":25,"key":"ColorlessPotion"},{"floor":27,"key":"FearPotion"},{"floor":31,"key":"LiquidMemories"},{"floor":39,"key":"SkillPotion"},{"floor":40,"key":"LiquidBronze"},{"floor":45,"key":"DistilledChaos"},{"floor":46,"key":"SteroidPotion"},{"floor":47,"key":"EssenceOfSteel"},{"floor":48,"key":"Weak Potion"},{"floor":55,"key":"Dexterity Potion"}],"is_trial":false,"path_per_floor":["M","M","M","M","$","E","R","E","T","E","M","M","$","M","R","B",null,"M","M","?","M","M","R","?","M","T","M","?","R","E","M","R","B",null,"M","$","M","M","M","E","R","?","T","M","?","E","M","M","R","B","B",null,"R","$","E","B",null],"character_chosen":"IRONCLAD","items_purchased":["Spot Weakness","Feel No Pain","Weak Potion","ClockworkSouvenir","Dark Embrace","Orrery","Feel No Pain","Energy Potion"],"campfire_rested":0,"item_purchase_floors":[5,13,13,36,36,54,54,54],"current_hp_per_floor":[61,56,62,60,60,37,37,37,37,13,11,15,15,17,17,7,58,50,50,44,30,15,15,15,21,21,10,10,10,28,22,22,13,42,37,37,35,41,16,15,15,15,15,20,26,32,35,41,41,51,39,48,48,48,51,28],"gold":28,"neow_bonus":"RANDOM_COMMON_RELIC","is_prod":false,"is_daily":false,"rewards_skipped":[],"chose_seed":false,"campfire_upgraded":5,"win_rate":0,"floor_exit_playtime":[490,618,690,1085,1250,1411,1433,1581,1589,1754,1877,2244,2369,2445,2455,2775,2964,3049,3170,3176,3341,3430,3459,3555,3718,3840,3999,4015,4040,4238,4385,4419,5021,5090,5238,5332,5414,5618,5774,6078,6083,6089,6093,6322,6594,6758,6973,7083,7085,7584,7860,7871,7874,8077,8548,8890],"timestamp":1657332962,"blue_key_relic_skipped_log":{"floor":9,"relicID":"Blue Candle"},"path_taken":["M","M","M","?","$","E","R","E","T","E","M","?","$","M","R","BOSS","M","M","?","M","M","R","?","M","T","?","?","R","E","M","R","BOSS","M","$","M","M","M","E","R","?","T","M","?","E","M","M","R","BOSS","BOSS","R","$","E","BOSS"],"build_version":"2022-03-07","purchased_purges":1,"victory":true,"max_hp_per_floor":[75,75,75,75,75,75,75,75,75,75,75,75,75,75,75,75,75,75,75,75,75,75,75,37,37,37,37,37,37,51,51,51,51,51,51,51,51,51,51,51,51,51,51,51,51,51,51,51,51,51,51,51,51,51,51,51],"relic_stats":{"Torii":8,"Happy Flower":[14],"counters":[34,234],"CeramicFish":99,"Omamori":0,"Ancient Tea Set":[14],"Burning Blood":201,"Mercury Hourglass":[235],"Matryoshka":2,"Bronze Scales":[96],"obtain_stats":[{"Potion Belt":6,"Torii":40,"Happy Flower":46,"CeramicFish":26,"Mango":30,"Omamori":0,"Ancient Tea Set":8,"Burning Blood":0,"ClockworkSouvenir":36,"Mercury Hourglass":43,"Matryoshka":10,"Bronze Scales":55,"Orrery":54,"Fusion Hammer":34,"Coffee Dripper":17,"StrikeDummy":43,"Toy Ornithopter":26,"FossilizedHelix":45},{"Potion Belt":5,"Torii":25,"Happy Flower":28,"CeramicFish":16,"Mango":18,"Omamori":0,"Ancient Tea Set":6,"Burning Blood":0,"ClockworkSouvenir":21,"Mercury Hourglass":25,"Matryoshka":7,"Bronze Scales":33,"Orrery":32,"Fusion Hammer":20,"Coffee Dripper":11,"StrikeDummy":25,"Toy Ornithopter":16,"FossilizedHelix":27},{"Potion Belt":19,"Torii":170,"Happy Flower":192,"CeramicFish":81,"Mango":94,"Omamori":0,"Ancient Tea Set":26,"Burning Blood":0,"ClockworkSouvenir":141,"Mercury Hourglass":170,"Matryoshka":32,"Bronze Scales":226,"Orrery":220,"Fusion Hammer":133,"Coffee Dripper":58,"StrikeDummy":170,"Toy Ornithopter":81,"FossilizedHelix":186}],"Toy Ornithopter":45,"FossilizedHelix":[40]},"card_choices":[{"not_picked":["Havoc","Reckless Charge"],"picked":"Twin Strike","floor":1},{"not_picked":["Rupture","Rampage"],"picked":"Clothesline","floor":2},{"not_picked":["Thunderclap","Warcry","True Grit"],"picked":"SKIP","floor":3},{"not_picked":["Intimidate","Sever Soul"],"picked":"Armaments","floor":4},{"not_picked":["Clash","Cleave"],"picked":"Corruption","floor":6},{"not_picked":["Clothesline","Heavy Blade","True Grit"],"picked":"SKIP","floor":8},{"not_picked":["Demon Form","Sword Boomerang"],"picked":"Sentinel","floor":10},{"not_picked":["Rupture","Body Slam","Dropkick"],"picked":"SKIP","floor":11},{"not_picked":["Perfected Strike","Hemokinesis"],"picked":"Cleave","floor":12},{"not_picked":["Combust","Wild Strike"],"picked":"Carnage","floor":14},{"not_picked":["Exhume","Double Tap"],"picked":"Barricade","floor":16},{"not_picked":["Rupture","Rampage","Thunderclap"],"picked":"SKIP","floor":18},{"not_picked":["Rage","Bloodletting"],"picked":"Havoc","floor":19},{"not_picked":["Warcry","Bloodletting+1"],"picked":"Flame Barrier","floor":21},{"not_picked":["Intimidate","Reckless Charge"],"picked":"Shrug It Off","floor":22},{"not_picked":["Heavy Blade","Blood for Blood"],"picked":"Uppercut","floor":25},{"not_picked":["Twin Strike","Intimidate"],"picked":"Flame Barrier","floor":27},{"not_picked":["Perfected Strike","Anger","Rampage"],"picked":"SKIP","floor":30},{"not_picked":["Flex","Heavy Blade","Clothesline+1"],"picked":"SKIP","floor":31},{"not_picked":["Brutality","Feed"],"picked":"Exhume","floor":33},{"not_picked":["Havoc+1","Headbutt+1","True Grit"],"picked":"SKIP","floor":35},{"not_picked":["Twin Strike+1","Heavy Blade+1"],"picked":"Spot Weakness","floor":37},{"not_picked":["Evolve+1","Ghostly Armor"],"picked":"Shockwave","floor":38},{"not_picked":["Thunderclap+1","Sword Boomerang"],"picked":"Warcry+1","floor":39},{"not_picked":["Perfected Strike","Immolate"],"picked":"Shrug It Off+1","floor":40},{"not_picked":["Flex","Iron Wave","Warcry"],"picked":"SKIP","floor":44},{"not_picked":["Fiend Fire","Shrug It Off"],"picked":"Battle Trance","floor":45},{"not_picked":["Clash","Anger","True Grit"],"picked":"SKIP","floor":46},{"not_picked":["Clash","Anger","True Grit"],"picked":"SKIP","floor":46},{"not_picked":["Bloodletting+1","Rampage+1","Warcry"],"picked":"SKIP","floor":47},{"not_picked":["Second Wind","Spot Weakness"],"picked":"Burning Pact","floor":48},{"not_picked":["Armaments","Clash"],"picked":"Pommel Strike+1","floor":54},{"not_picked":["Power Through","Armaments+1","Body Slam+1"],"picked":"SKIP","floor":54},{"not_picked":["Perfected Strike","Sword Boomerang+1","Juggernaut"],"picked":"SKIP","floor":54},{"not_picked":["Reaper","Intimidate","Spot Weakness"],"picked":"SKIP","floor":54},{"not_picked":["Whirlwind","Body Slam","Clash"],"picked":"SKIP","floor":54},{"not_picked":["Clothesline","Iron Wave","True Grit"],"picked":"SKIP","floor":55}],"player_experience":12990812,"relics_obtained":[{"floor":6,"key":"Potion Belt"},{"floor":8,"key":"Ancient Tea Set"},{"floor":10,"key":"Matryoshka"},{"floor":26,"key":"CeramicFish"},{"floor":26,"key":"Toy Ornithopter"},{"floor":30,"key":"Mango"},{"floor":40,"key":"Torii"},{"floor":43,"key":"StrikeDummy"},{"floor":43,"key":"Mercury Hourglass"},{"floor":45,"key":"FossilizedHelix"},{"floor":46,"key":"Happy Flower"},{"floor":55,"key":"Bronze Scales"}],"event_choices":[{"damage_healed":0,"gold_gain":0,"player_choice":"Joined the Cult","damage_taken":6,"max_hp_gain":0,"max_hp_loss":0,"event_name":"Nest","floor":20,"gold_loss":0,"cards_obtained":["RitualDagger"]},{"damage_healed":0,"gold_gain":0,"player_choice":"Became a Ghost","damage_taken":0,"max_hp_gain":0,"max_hp_loss":38,"event_name":"Ghosts","floor":24,"gold_loss":0,"cards_obtained":["Ghostly","Ghostly","Ghostly"]},{"cards_removed":["Strike_R"],"damage_healed":0,"gold_gain":0,"player_choice":"Gave Gold","damage_taken":0,"max_hp_gain":0,"max_hp_loss":0,"event_name":"Beggar","floor":28,"gold_loss":75},{"damage_healed":0,"gold_gain":0,"player_choice":"Ignored","damage_taken":0,"max_hp_gain":0,"max_hp_loss":0,"event_name":"Mysterious Sphere","floor":42,"gold_loss":0},{"damage_healed":0,"gold_gain":0,"player_choice":"Fight","damage_taken":0,"max_hp_gain":0,"max_hp_loss":0,"event_name":"MindBloom","floor":45,"gold_loss":0}],"is_beta":false,"boss_relics":[{"not_picked":["Velvet Choker","Empty Cage"],"picked":"Coffee Dripper"},{"not_picked":["Black Star","Black Blood"],"picked":"Fusion Hammer"}],"items_purged_floors":[54],"is_endless":false,"potions_floor_spawned":[2,3,4,6,11,18,22,25,27,31,39,40,45,46,47,48,55],"ascension_level":20,"potion_discard_per_floor":[[],[],[],[],[],[],[],[],[],[],[],[],[],[],[],[],[],[],[],[],[],[],[],[],[],[],[],[],[],[],[],[],[],[],[],[],[],[],[],[],[],[],[],[],[],[],["LiquidBronze"],["FearPotion"],[],[],[],[],[],[],[],[],[]]}