{"gold_per_floor":[115,115,115,135,148,174,188,199,225,252,267,192,202,237,237,313,313,329,86,66,81,81,81,112,12,35,67,84,94,125,125,125,202,202,222,242,242,254,268,296,296,310,336,365,375,391,407,438,438,438,438,438,438,116,141,141],"floor_reached":57,"playtime":6050,"items_purged":["Strike_R","Strike_R"],"score":3106,"play_id":"5ffbe030-7d23-4340-ac74-a3375c07f9d7","local_time":"20220714023811","is_ascension_mode":true,"campfire_choices":[{"data":"Armaments","floor":15,"key":"SMITH"},{"data":"Immolate","floor":23,"key":"SMITH"},{"floor":32,"key":"RECALL"},{"floor":41,"key":"REST"},{"floor":49,"key":"REST"},{"floor":53,"key":"REST"}],"neow_cost":"PERCENT_DAMAGE","seed_source_timestamp":1269891928151400,"shop_contents":[{"floor":19,"relics":["StrikeDummy","Frozen Eye"],"cards":["Pommel Strike","Blood for Blood","Flex+1","Warcry+1","Inflame","Good Instincts+1","Metamorphosis+1"],"potions":["Swift Potion","BloodPotion","Explosive Potion"]},{"floor":25,"relics":["Lizard Tail","Pear","Lee\u0027s Waffle"],"cards":["Headbutt","Blood for Blood","Exhume+1","Sentinel+1","Rupture","Swift Strike","Master of Strategy+1"],"potions":["EntropicBrew","BlessingOfTheForge","DistilledChaos"]},{"floor":54,"relics":["Mercury Hourglass","OrangePellets"],"cards":["Heavy Blade","Sword Boomerang","Shrug It Off+1","True Grit+1","Combust","Dark Shackles+1","Chrysalis+1"],"potions":["CultistPotion","EssenceOfSteel","Weak Potion"]}],"circlet_count":0,"master_deck":["AscendersBane","Defend_R+1","Defend_R","Defend_R","Bash","Sever Soul","Power Through","Battle Trance","Whirlwind","Shrug It Off","Seeing Red","Armaments+1","Immolate+1","Impervious+1","Sentinel+1","Clothesline+1","Pommel Strike+1","Second Wind+1","Pain","Bludgeon","Dual Wield+1","Second Wind+1","Dark Embrace","Shrug It Off+1"],"potion_use_per_floor":[[],[],[],[],[],["PowerPotion"],[],[],[],["PowerPotion"],[],[],[],["AttackPotion"],[],[],[],[],[],[],[],[],[],["Strength Potion"],[],[],[],[],[],[],[],[],["SpeedPotion"],[],[],[],[],[],[],[],[],[],[],["BloodPotion"],[],[],[],[],[],[],[],[],[],[],[],["PowerPotion","DuplicationPotion"],[]],"relics":["Burning Blood","Letter Opener","Bag of Preparation","Regal Pillow","Toxic Egg 2","Snecko Eye","Vajra","Self Forming Clay","PreservedInsect","HornCleat","Akabeko","WarpedTongs","Fusion Hammer","Pen Nib","Omamori","Nunchaku","Calipers","Torii","Bag of Marbles"],"potions_floor_usage":[6,10,14,24,33,44,56,56],"damage_taken":[{"damage":4,"enemies":"Small Slimes","floor":1,"turns":3},{"damage":0,"enemies":"2 Louse","floor":4,"turns":3},{"damage":0,"enemies":"Jaw Worm","floor":5,"turns":3},{"damage":10,"enemies":"Gremlin Nob","floor":6,"turns":3},{"damage":0,"enemies":"Exordium Thugs","floor":7,"turns":5},{"damage":0,"enemies":"3 Louse","floor":8,"turns":2},{"damage":4,"enemies":"Lagavulin","floor":10,"turns":7},{"damage":0,"enemies":"2 Fungi Beasts","floor":11,"turns":4},{"damage":0,"enemies":"Red Slaver","floor":13,"turns":3},{"damage":9,"enemies":"Gremlin Nob","floor":14,"turns":3},{"damage":47,"enemies":"Slime Boss","floor":16,"turns":9},{"damage":0,"enemies":"Shell Parasite","floor":18,"turns":2},{"damage":0,"enemies":"Chosen","floor":21,"turns":2},{"damage":0,"enemies":"Gremlin Leader","floor":24,"turns":3},{"damage":14,"enemies":"Book of Stabbing","floor":27,"turns":3},{"damage":0,"enemies":"Shelled Parasite and Fungi","floor":28,"turns":3},{"damage":0,"enemies":"Snecko","floor":29,"turns":3},{"damage":0,"enemies":"Gremlin Leader","floor":30,"turns":3},{"damage":72,"enemies":"Collector","floor":33,"turns":10},{"damage":1,"enemies":"3 Shapes","floor":35,"turns":1},{"damage":5,"enemies":"3 Darklings","floor":36,"turns":3},{"damage":1,"enemies":"Jaw Worm Horde","floor":38,"turns":1},{"damage":29,"enemies":"Writhing Mass","floor":39,"turns":6},{"damage":4,"enemies":"Reptomancer","floor":40,"turns":1},{"damage":1,"enemies":"4 Shapes","floor":42,"turns":2},{"damage":5,"enemies":"Nemesis","floor":44,"turns":3},{"damage":9,"enemies":"Spire Growth","floor":45,"turns":3},{"damage":1,"enemies":"Maw","floor":46,"turns":4},{"damage":2,"enemies":"Writhing Mass","floor":47,"turns":4},{"damage":6,"enemies":"Reptomancer","floor":48,"turns":5},{"damage":6,"enemies":"Time Eater","floor":50,"turns":7},{"damage":21,"enemies":"Awakened One","floor":51,"turns":10},{"damage":12,"enemies":"Shield and Spear","floor":55,"turns":5},{"damage":30,"enemies":"The Heart","floor":56,"turns":8}],"seed_played":"7656440877859835092","neow_bonus_log":{"cardsObtained":["Sever Soul","Searing Blow"],"cardsUpgraded":[],"cardsRemoved":[],"cardsTransformed":["Strike_R","Strike_R"],"relicsObtained":[],"maxHpGained":0,"goldGained":0,"damageTaken":18,"goldLost":0,"maxHpLost":0},"potions_obtained":[{"floor":5,"key":"PowerPotion"},{"floor":6,"key":"PowerPotion"},{"floor":8,"key":"DuplicationPotion"},{"floor":10,"key":"AttackPotion"},{"floor":16,"key":"Strength Potion"},{"floor":27,"key":"Explosive Potion"},{"floor":28,"key":"SpeedPotion"},{"floor":36,"key":"BloodPotion"},{"floor":44,"key":"PowerPotion"}],"is_trial":false,"path_per_floor":["M","?","?","M","M","E","M","M","T","E","M","?","M","E","R","B",null,"M","$","?","M","T","R","E","$","T","E","M","M","E","?","R","B",null,"M","M","?","M","M","E","R","M","T","E","M","M","M","E","R","B","B",null,"R","$","E","B",null],"character_chosen":"IRONCLAD","items_purchased":["Vajra","Torii"],"campfire_rested":3,"item_purchase_floors":[19,54],"current_hp_per_floor":[52,29,22,28,34,30,36,42,42,44,50,50,56,53,53,12,59,65,65,65,71,71,71,75,75,75,67,73,75,75,75,75,9,59,64,65,65,70,47,49,75,75,75,75,72,75,75,75,75,75,60,71,75,75,69,45],"gold":141,"neow_bonus":"TRANSFORM_TWO_CARDS","is_prod":false,"is_daily":false,"rewards_skipped":[{"floor":20,"relics":[],"potions":["Ancient Potion"]},{"floor":38,"relics":[],"potions":["Block Potion"]},{"floor":45,"relics":[],"potions":["Fruit Juice"]},{"floor":47,"relics":[],"potions":["FearPotion"]},{"floor":48,"relics":[],"potions":["Dexterity Potion"]}],"chose_seed":false,"campfire_upgraded":2,"win_rate":0,"floor_exit_playtime":[322,340,385,458,549,656,749,810,815,1074,1142,1172,1254,1424,1483,1788,2050,2145,2312,2320,2511,2523,2531,2609,2635,2703,2808,2896,2978,3076,3088,3112,3494,3609,3643,3746,3766,3810,3947,3981,3986,4056,4064,4175,4292,4397,4512,4672,4677,4936,5179,5191,5196,5375,5545,6050],"timestamp":1657780691,"blue_key_relic_skipped_log":{"floor":26,"relicID":"Dream Catcher"},"path_taken":["M","?","?","M","M","E","M","M","T","E","M","?","M","E","R","BOSS","M","$","?","M","?","R","E","?","T","E","M","M","E","?","R","BOSS","M","M","?","M","M","E","R","M","T","E","M","?","M","E","R","BOSS","BOSS","R","$","E","BOSS"],"build_version":"2022-03-07","purchased_purges":2,"victory":true,"max_hp_per_floor":[75,75,75,75,75,75,75,75,75,75,75,75,75,75,75,75,75,75,75,75,75,75,75,75,75,75,75,75,75,75,75,75,75,75,75,75,75,75,75,75,75,75,75,75,75,75,75,75,75,75,75,75,75,75,75,75],"relic_stats":{"Regal Pillow":4,"Calipers":[434],"Torii":16,"counters":[34,137],"Self Forming Clay":[237],"PreservedInsect":344,"Pen Nib":[13],"Bag of Preparation":[56],"Omamori":0,"Letter Opener":[182],"Burning Blood":180,"WarpedTongs":[61],"Nunchaku":[11],"Snecko Eye":[180,184,179,190,-104],"obtain_stats":[{"Regal Pillow":10,"Calipers":48,"Torii":54,"Self Forming Clay":22,"Vajra":19,"PreservedInsect":24,"Pen Nib":40,"Bag of Preparation":9,"Omamori":43,"Letter Opener":6,"Burning Blood":0,"Akabeko":30,"WarpedTongs":31,"Nunchaku":44,"HornCleat":27,"Snecko Eye":17,"Fusion Hammer":34,"Bag of Marbles":55,"Toxic Egg 2":14},{"Regal Pillow":7,"Calipers":30,"Torii":32,"Self Forming Clay":13,"Vajra":12,"PreservedInsect":14,"Pen Nib":24,"Bag of Preparation":6,"Omamori":25,"Letter Opener":4,"Burning Blood":0,"Akabeko":18,"WarpedTongs":18,"Nunchaku":26,"HornCleat":15,"Snecko Eye":11,"Fusion Hammer":19,"Bag of Marbles":33,"Toxic Egg 2":10},{"Regal Pillow":26,"Calipers":107,"Torii":124,"Self Forming Clay":49,"Vajra":47,"PreservedInsect":52,"Pen Nib":86,"Bag of Preparation":19,"Omamori":88,"Letter Opener":12,"Burning Blood":0,"Akabeko":64,"WarpedTongs":64,"Nunchaku":91,"HornCleat":55,"Snecko Eye":45,"Fusion Hammer":74,"Bag of Marbles":129,"Toxic Egg 2":36}]},"card_choices":[{"not_picked":["Clash","Thunderclap"],"picked":"Power Through","floor":1},{"not_picked":["Cleave","Thunderclap"],"picked":"Battle Trance","floor":4},{"not_picked":["Warcry","Wild Strike"],"picked":"Whirlwind","floor":5},{"not_picked":["Rupture","Flex"],"picked":"Shrug It Off","floor":6},{"not_picked":["Twin Strike","Dark Embrace"],"picked":"Seeing Red","floor":7},{"not_picked":["Bludgeon","Cleave","Thunderclap"],"picked":"SKIP","floor":8},{"not_picked":["Reckless Charge","Sword Boomerang"],"picked":"Armaments","floor":10},{"not_picked":["Wild Strike","Armaments","Sword Boomerang"],"picked":"SKIP","floor":11},{"not_picked":["Armaments","Heavy Blade","Entrench"],"picked":"SKIP","floor":13},{"not_picked":["Wild Strike","Headbutt"],"picked":"Immolate","floor":14},{"not_picked":["Demon Form","Fiend Fire"],"picked":"Impervious+1","floor":16},{"not_picked":["Wild Strike","Whirlwind+1","Sever Soul"],"picked":"SKIP","floor":18},{"not_picked":["Thunderclap","True Grit+1","Body Slam"],"picked":"SKIP","floor":21},{"not_picked":["Wild Strike","Cleave"],"picked":"Sentinel+1","floor":24},{"not_picked":["Metallicize","Double Tap+1"],"picked":"Clothesline+1","floor":27},{"not_picked":["Havoc+1","Reckless Charge","Infernal Blade+1"],"picked":"SKIP","floor":28},{"not_picked":["Metallicize","Carnage"],"picked":"Pommel Strike+1","floor":29},{"not_picked":["Thunderclap","Sentinel+1"],"picked":"Second Wind+1","floor":30},{"not_picked":["Limit Break+1","Berserk"],"picked":"Bludgeon","floor":33},{"not_picked":["Flex+1","Twin Strike+1","Clash"],"picked":"SKIP","floor":35},{"not_picked":["Pommel Strike","Hemokinesis"],"picked":"Dual Wield+1","floor":36},{"not_picked":["Battle Trance+1","Entrench+1","Thunderclap"],"picked":"SKIP","floor":38},{"not_picked":["Sword Boomerang","Body Slam+1","Ghostly Armor+1"],"picked":"SKIP","floor":39},{"not_picked":["Rampage","Flex+1"],"picked":"Dark Embrace","floor":40},{"not_picked":["Rage+1","Bloodletting+1","Searing Blow"],"picked":"SKIP","floor":42},{"not_picked":["Wild Strike","Thunderclap","Cleave"],"picked":"SKIP","floor":44},{"not_picked":["Headbutt","Fiend Fire"],"picked":"Shrug It Off+1","floor":45},{"not_picked":["Thunderclap","Ghostly Armor+1","Anger"],"picked":"SKIP","floor":46},{"not_picked":["Flex+1","Iron Wave+1","Inflame+1"],"picked":"SKIP","floor":47},{"not_picked":["Second Wind+1","Clash+1","Dropkick"],"picked":"SKIP","floor":48},{"not_picked":["Carnage+1","Heavy Blade","Rampage"],"picked":"SKIP","floor":55}],"player_experience":13056956,"relics_obtained":[{"floor":6,"key":"Letter Opener"},{"floor":9,"key":"Bag of Preparation"},{"floor":10,"key":"Regal Pillow"},{"floor":14,"key":"Toxic Egg 2"},{"floor":22,"key":"Self Forming Clay"},{"floor":24,"key":"PreservedInsect"},{"floor":27,"key":"HornCleat"},{"floor":30,"key":"Akabeko"},{"floor":40,"key":"Pen Nib"},{"floor":43,"key":"Omamori"},{"floor":44,"key":"Nunchaku"},{"floor":48,"key":"Calipers"},{"floor":55,"key":"Bag of Marbles"}],"event_choices":[{"damage_healed":0,"gold_gain":0,"player_choice":"Entered Light","damage_taken":23,"max_hp_gain":0,"max_hp_loss":0,"event_name":"Shining Light","floor":2,"gold_loss":0,"cards_upgraded":["Strike_R","Defend_R"]},{"cards_removed":["Searing Blow"],"damage_healed":0,"gold_gain":0,"player_choice":"Card Removal","damage_taken":7,"max_hp_gain":0,"max_hp_loss":0,"event_name":"Golden Wing","floor":3,"gold_loss":0},{"cards_removed":["Defend_R"],"damage_healed":0,"gold_gain":0,"player_choice":"Card Removal","damage_taken":0,"max_hp_gain":0,"max_hp_loss":0,"event_name":"The Cleric","floor":12,"gold_loss":75},{"damage_healed":0,"gold_gain":0,"player_choice":"Bought 1 Potion","damage_taken":0,"max_hp_gain":0,"max_hp_loss":0,"event_name":"The Woman in Blue","floor":20,"gold_loss":0},{"damage_healed":0,"gold_gain":0,"player_choice":"Rummage","damage_taken":0,"relics_obtained":["WarpedTongs"],"max_hp_gain":0,"max_hp_loss":0,"event_name":"Accursed Blacksmith","floor":31,"gold_loss":0,"cards_obtained":["Pain"]},{"damage_healed":0,"gold_gain":0,"cards_transformed":["Strike_R"],"player_choice":"Transformed","damage_taken":0,"max_hp_gain":0,"max_hp_loss":0,"event_name":"Transmorgrifier","floor":37,"gold_loss":0,"cards_obtained":["Second Wind"]}],"is_beta":false,"boss_relics":[{"not_picked":["Black Star","Calling Bell"],"picked":"Snecko Eye"},{"not_picked":["Velvet Choker","Black Blood"],"picked":"Fusion Hammer"}],"items_purged_floors":[19,25],"is_endless":false,"potions_floor_spawned":[5,6,8,10,16,27,28,36,38,44,45,47,48],"ascension_level":20,"potion_discard_per_floor":[[],[],[],[],[],[],[],[],[],[],[],[],[],[],[],[],[],[],[],[],[],[],[],[],[],[],[],["Explosive Potion"],[],[],[],[],[],[],[],[],[],[],[],[],[],[],[],[],[],[],[],[],[],[],[],[],[],[],[],[],[]]}