{"gold_per_floor":[113,130,146,164,180,180,200,225,225,253,265,278,297,330,330,401,401,421,1,12,29,40,68,68,107,107,131,150,185,235,244,244,328,328,354,372,372,392,292,292,336,365,411,112,128,153,181,219,219,219,219,219,219,2,41,41],"floor_reached":57,"playtime":6294,"items_purged":["Dualcast","Strike_B","Strike_B","Strike_B"],"score":2929,"play_id":"1ba7e7de-26c0-4d6c-b140-0116ed6ca900","local_time":"20220104160721","is_ascension_mode":true,"campfire_choices":[{"floor":6,"key":"REST"},{"floor":15,"key":"RECALL"},{"floor":24,"key":"REST"},{"floor":32,"key":"REST"},{"floor":40,"key":"REST"},{"floor":49,"key":"REST"},{"floor":53,"key":"REST"}],"neow_cost":"NONE","seed_source_timestamp":1129810725240800,"circlet_count":0,"master_deck":["AscendersBane","Strike_B","Defend_B","Defend_B","Defend_B","Defend_B+1","Zap","Auto Shields","Beam Cell","Cold Snap","Rebound","Hologram","Hyperbeam","White Noise","Fusion","White Noise+1","Creative AI","Compile Driver+1","Apotheosis","Go for the Eyes","Compile Driver","Heatsinks","Hyperbeam","Turbo+1","Reprogram+1","Hologram+1","Meteor Strike","Stack+1","Skim+1","Reprogram+1","Redo+1","Master of Strategy+1","White Noise+1","Go for the Eyes","Force Field+1","Heatsinks"],"relics":["Fusion Hammer","Matryoshka","MealTicket","InkBottle","Gambling Chip","White Beast Statue","Black Star","Sling","Bag of Preparation","Toy Ornithopter","Toxic Egg 2","CeramicFish","Centennial Puzzle","Turnip","Symbiotic Virus","Bottled Tornado","PreservedInsect","Nuclear Battery","Oddly Smooth Stone","Pocketwatch","Regal Pillow","Torii","War Paint","Gremlin Horn"],"potions_floor_usage":[10,16,18,18,21,22,23,27,29,29,29,33,35,38,42,42,55,56,56],"damage_taken":[{"damage":1,"enemies":"Cultist","floor":1,"turns":4},{"damage":0,"enemies":"2 Louse","floor":2,"turns":2},{"damage":14,"enemies":"Jaw Worm","floor":3,"turns":4},{"damage":0,"enemies":"2 Fungi Beasts","floor":4,"turns":4},{"damage":2,"enemies":"Red Slaver","floor":5,"turns":3},{"damage":0,"enemies":"Gremlin Gang","floor":7,"turns":6},{"damage":8,"enemies":"Lagavulin","floor":8,"turns":7},{"damage":0,"enemies":"3 Sentries","floor":10,"turns":4},{"damage":2,"enemies":"Lots of Slimes","floor":11,"turns":2},{"damage":3,"enemies":"Exordium Wildlife","floor":12,"turns":4},{"damage":0,"enemies":"Exordium Thugs","floor":13,"turns":1},{"damage":2,"enemies":"Gremlin Nob","floor":14,"turns":3},{"damage":30,"enemies":"The Guardian","floor":16,"turns":12},{"damage":17,"enemies":"Shell Parasite","floor":18,"turns":5},{"damage":7,"enemies":"Spheric Guardian","floor":20,"turns":4},{"damage":12,"enemies":"Shelled Parasite and Fungi","floor":21,"turns":3},{"damage":24,"enemies":"Snake Plant","floor":22,"turns":3},{"damage":6,"enemies":"Book of Stabbing","floor":23,"turns":4},{"damage":0,"enemies":"Gremlin Leader","floor":25,"turns":4},{"damage":2,"enemies":"Sentry and Sphere","floor":27,"turns":3},{"damage":0,"enemies":"3 Cultists","floor":28,"turns":1},{"damage":5,"enemies":"Book of Stabbing","floor":29,"turns":5},{"damage":7,"enemies":"Collector","floor":33,"turns":10},{"damage":7,"enemies":"3 Darklings","floor":35,"turns":2},{"damage":5,"enemies":"Orb Walker","floor":36,"turns":2},{"damage":0,"enemies":"Sphere and 2 Shapes","floor":38,"turns":7},{"damage":15,"enemies":"Nemesis","floor":41,"turns":3},{"damage":0,"enemies":"3 Darklings","floor":42,"turns":2},{"damage":0,"enemies":"4 Shapes","floor":45,"turns":5},{"damage":1,"enemies":"Transient","floor":47,"turns":6},{"damage":0,"enemies":"Giant Head","floor":48,"turns":4},{"damage":2,"enemies":"Awakened One","floor":50,"turns":13},{"damage":1,"enemies":"Donu and Deca","floor":51,"turns":9},{"damage":31,"enemies":"Shield and Spear","floor":55,"turns":4},{"damage":23,"enemies":"The Heart","floor":56,"turns":12}],"seed_played":"-8621933249969676714","potions_obtained":[{"floor":3,"key":"GamblersBrew"},{"floor":7,"key":"AttackPotion"},{"floor":8,"key":"Block Potion"},{"floor":10,"key":"DistilledChaos"},{"floor":12,"key":"BlessingOfTheForge"},{"floor":16,"key":"Explosive Potion"},{"floor":18,"key":"Strength Potion"},{"floor":20,"key":"DistilledChaos"},{"floor":21,"key":"LiquidBronze"},{"floor":22,"key":"Block Potion"},{"floor":23,"key":"EssenceOfSteel"},{"floor":25,"key":"EntropicBrew"},{"floor":27,"key":"FairyPotion"},{"floor":28,"key":"PowerPotion"},{"floor":29,"key":"FairyPotion"},{"floor":33,"key":"PowerPotion"},{"floor":35,"key":"Dexterity Potion"},{"floor":36,"key":"DuplicationPotion"},{"floor":38,"key":"SteroidPotion"},{"floor":41,"key":"Fire Potion"},{"floor":42,"key":"Strength Potion"},{"floor":45,"key":"DistilledChaos"},{"floor":47,"key":"Energy Potion"},{"floor":48,"key":"DuplicationPotion"},{"floor":55,"key":"Explosive Potion"}],"is_trial":false,"path_per_floor":["M","M","M","M","M","R","M","E","T","E","M","M","M","E","R","B",null,"M","$","M","M","M","E","R","E","T","M","M","E","?","?","R","B",null,"M","M","?","M","$","R","E","M","T","$","M","T","M","E","R","B","B",null,"R","$","E","B",null],"character_chosen":"DEFECT","items_purchased":["Apotheosis","Sling","Master of Strategy+1","Force Field+1"],"campfire_rested":6,"item_purchase_floors":[19,19,44,54],"current_hp_per_floor":[63,63,49,49,47,68,68,60,60,60,58,55,55,53,53,23,59,42,57,50,38,14,8,29,29,29,32,32,42,42,42,63,61,69,64,59,59,64,71,71,56,66,66,71,71,71,70,70,71,69,68,70,71,71,40,27],"gold":41,"neow_bonus":"BOSS_RELIC","is_prod":false,"is_daily":false,"chose_seed":false,"campfire_upgraded":0,"win_rate":0,"timestamp":1641330441,"path_taken":["M","M","M","M","M","R","M","E","T","E","M","M","M","E","R","BOSS","M","$","M","M","?","E","R","E","T","?","M","E","?","?","R","BOSS","M","M","?","?","$","R","E","?","T","$","?","?","M","E","R","BOSS","BOSS","R","$","E","BOSS"],"build_version":"2020-12-22","purchased_purges":4,"victory":true,"max_hp_per_floor":[71,71,71,71,71,71,71,71,71,71,71,71,71,71,71,71,71,71,71,71,71,71,71,71,71,71,71,71,71,71,71,71,71,71,71,71,71,71,71,71,71,71,71,71,71,71,71,71,71,71,71,71,71,71,71,71],"relic_stats":{"Regal Pillow":0,"Torii":27,"Gremlin Horn":[0,0],"counters":[35,167],"CeramicFish":126,"PreservedInsect":257,"Bag of Preparation":[34],"Bottled Tornado":"Heatsinks","War Paint":["Defend_B","White Noise"],"White Beast Statue":[0.0,0.0,0.0,0.4,0.0,0.6000000000000001,0.0,0.0,0.0,0.0,0.0,9.137573171200005],"Centennial Puzzle":[33],"Matryoshka":2,"Gambling Chip":[85],"MealTicket":27,"Turnip":[17],"Black Star":6,"obtain_stats":[{"Regal Pillow":46,"Torii":48,"Gremlin Horn":55,"CeramicFish":25,"Bag of Preparation":23,"Bottled Tornado":29,"Sling":19,"Centennial Puzzle":26,"Matryoshka":8,"Gambling Chip":10,"MealTicket":9,"Fusion Hammer":0,"Toxic Egg 2":25,"Cracked Core":0,"InkBottle":9,"Oddly Smooth Stone":41,"PreservedInsect":31,"War Paint":48,"White Beast Statue":14,"Nuclear Battery":34,"Turnip":26,"Black Star":17,"Symbiotic Virus":29,"Toy Ornithopter":23,"Pocketwatch":41},{"Regal Pillow":29,"Torii":31,"Gremlin Horn":34,"CeramicFish":19,"Bag of Preparation":18,"Bottled Tornado":22,"Sling":14,"Centennial Puzzle":19,"Matryoshka":7,"Gambling Chip":8,"MealTicket":7,"Fusion Hammer":0,"Toxic Egg 2":19,"Cracked Core":0,"InkBottle":7,"Oddly Smooth Stone":27,"PreservedInsect":22,"War Paint":31,"White Beast Statue":12,"Nuclear Battery":23,"Turnip":19,"Black Star":13,"Symbiotic Virus":22,"Toy Ornithopter":18,"Pocketwatch":27},{"Regal Pillow":119,"Torii":129,"Gremlin Horn":155,"CeramicFish":79,"Bag of Preparation":75,"Bottled Tornado":88,"Sling":61,"Centennial Puzzle":79,"Matryoshka":30,"Gambling Chip":34,"MealTicket":30,"Fusion Hammer":0,"Toxic Egg 2":79,"Cracked Core":0,"InkBottle":30,"Oddly Smooth Stone":112,"PreservedInsect":88,"War Paint":129,"White Beast Statue":44,"Nuclear Battery":98,"Turnip":79,"Black Star":56,"Symbiotic Virus":88,"Toy Ornithopter":75,"Pocketwatch":112}],"InkBottle":[89],"Toy Ornithopter":52,"Pocketwatch":[21]},"card_choices":[{"not_picked":["Sweeping Beam","Turbo"],"picked":"Auto Shields","floor":1},{"not_picked":["Redo","Storm"],"picked":"Beam Cell","floor":2},{"not_picked":["Turbo","Redo"],"picked":"Cold Snap","floor":3},{"not_picked":["Redo","Steam","Scrape"],"picked":"SKIP","floor":4},{"not_picked":["Blizzard","Genetic Algorithm"],"picked":"Rebound","floor":5},{"not_picked":["Coolheaded","Rebound"],"picked":"Hologram","floor":7},{"not_picked":["Sunder","Sweeping Beam"],"picked":"Hyperbeam","floor":8},{"not_picked":["Self Repair","Heatsinks"],"picked":"White Noise","floor":10},{"not_picked":["Steam","Conserve Battery","Tempest"],"picked":"SKIP","floor":11},{"not_picked":["Auto Shields","Stack","Beam Cell"],"picked":"SKIP","floor":12},{"not_picked":["Leap","Stack"],"picked":"Fusion","floor":13},{"not_picked":["Darkness","Loop"],"picked":"White Noise","floor":14},{"not_picked":["All For One","Multi-Cast"],"picked":"Creative AI","floor":16},{"not_picked":["Gash+1","Ball Lightning"],"picked":"Compile Driver+1","floor":18},{"not_picked":["Stack","Turbo"],"picked":"Go for the Eyes","floor":20},{"not_picked":["Turbo","Lockon"],"picked":"Compile Driver","floor":21},{"not_picked":["Redo+1","Stack"],"picked":"Heatsinks","floor":22},{"not_picked":["Gash","Streamline"],"picked":"Hyperbeam","floor":23},{"not_picked":["Barrage","Streamline"],"picked":"Turbo+1","floor":25},{"not_picked":["Chaos+1","Stack+1"],"picked":"Reprogram+1","floor":27},{"not_picked":["Darkness+1","Beam Cell","Barrage"],"picked":"SKIP","floor":28},{"not_picked":["Sweeping Beam","Genetic Algorithm+1"],"picked":"Hologram+1","floor":29},{"not_picked":["Biased Cognition","Hyperbeam"],"picked":"Meteor Strike","floor":33},{"not_picked":["Streamline","Auto Shields+1"],"picked":"Stack+1","floor":35},{"not_picked":["Streamline","Redo+1","Barrage"],"picked":"SKIP","floor":36},{"not_picked":["Leap+1","Go for the Eyes"],"picked":"Skim+1","floor":38},{"not_picked":["Beam Cell","Chaos+1"],"picked":"Reprogram+1","floor":41},{"not_picked":["Chill+1","Thunder Strike"],"picked":"Redo+1","floor":42},{"not_picked":["Sweeping Beam+1","Turbo+1","Coolheaded+1"],"picked":"SKIP","floor":45},{"not_picked":["Coolheaded+1","Static Discharge"],"picked":"White Noise+1","floor":47},{"not_picked":["Rebound+1","Melter"],"picked":"Go for the Eyes","floor":48},{"not_picked":["Thunder Strike","Capacitor"],"picked":"Heatsinks","floor":55}],"player_experience":5818886,"relics_obtained":[{"floor":8,"key":"Matryoshka"},{"floor":9,"key":"MealTicket"},{"floor":9,"key":"InkBottle"},{"floor":10,"key":"Gambling Chip"},{"floor":14,"key":"White Beast Statue"},{"floor":23,"key":"Bag of Preparation"},{"floor":23,"key":"Toy Ornithopter"},{"floor":25,"key":"Toxic Egg 2"},{"floor":25,"key":"CeramicFish"},{"floor":26,"key":"Centennial Puzzle"},{"floor":26,"key":"Turnip"},{"floor":29,"key":"Symbiotic Virus"},{"floor":29,"key":"Bottled Tornado"},{"floor":41,"key":"Oddly Smooth Stone"},{"floor":41,"key":"Pocketwatch"},{"floor":46,"key":"Regal Pillow"},{"floor":48,"key":"Torii"},{"floor":48,"key":"War Paint"},{"floor":55,"key":"Gremlin Horn"}],"event_choices":[{"damage_healed":0,"gold_gain":50,"player_choice":"Stole From Cult","damage_taken":0,"max_hp_gain":0,"max_hp_loss":0,"event_name":"Nest","floor":30,"gold_loss":0},{"damage_healed":0,"gold_gain":0,"player_choice":"Opened","damage_taken":0,"relics_obtained":["PreservedInsect"],"max_hp_gain":0,"max_hp_loss":0,"event_name":"The Mausoleum","floor":31,"gold_loss":0,"cards_obtained":["Writhe"]},{"cards_removed":["Writhe"],"damage_healed":0,"gold_gain":0,"player_choice":"Removed Curses","damage_taken":0,"max_hp_gain":0,"max_hp_loss":0,"event_name":"Fountain of Cleansing","floor":37,"gold_loss":0}],"is_beta":false,"boss_relics":[{"not_picked":["Busted Crown","Inserter"],"picked":"Black Star"},{"not_picked":["SacredBark","Philosopher\u0027s Stone"],"picked":"Nuclear Battery"}],"items_purged_floors":[19,39,44,54],"is_endless":false,"potions_floor_spawned":[3,7,8,10,12,16,18,20,21,22,23,25,27,28,29,33,35,36,38,41,42,45,47,48,55],"ascension_level":20}