{"gold_per_floor":[213,4,0,0,17,17,52,70,70,109,53,74,74,101,101,187,187,211,230,230,58,96,96,131,131,131,157,201,211,48,48,48,131,131,160,160,178,400,422,454,454,495,495,0,43,63,63,63,63,63,63,63,63,10,53,53],"floor_reached":57,"playtime":6335,"items_purged":["Strike_B"],"score":3143,"play_id":"2924a05d-d83d-400f-ab29-4151c56c7d39","local_time":"20220101164700","is_ascension_mode":true,"campfire_choices":[{"floor":6,"key":"REST"},{"floor":15,"key":"REST"},{"floor":23,"key":"REST"},{"data":"Aggregate","floor":25,"key":"SMITH"},{"floor":32,"key":"REST"},{"data":"Body Slam","floor":41,"key":"SMITH"},{"floor":47,"key":"RECALL"},{"data":"Expertise","floor":49,"key":"SMITH"},{"data":"Worship","floor":53,"key":"SMITH"}],"neow_cost":"NONE","seed_source_timestamp":872959541675500,"circlet_count":0,"master_deck":["AscendersBane","Strike_B","Strike_B","Strike_B","Defend_B","Defend_B","Defend_B","Zap","Dualcast+1","Ball Lightning","Doom and Gloom+1","Dark Shackles","Rebound","Hologram","Aggregate+1","Genetic Algorithm","FTL","Chill","Meteor Strike","Coolheaded+1","Hologram+1","Turbo","Hologram+1","Hologram","Double Energy","Exhume","Glacier","Madness","Madness","Body Slam+1","Expertise+1","Footwork","Madness+1","Acrobatics","Worship+1","Hologram","MasterReality","Warcry+1"],"relics":["Cracked Core","Question Card","CeramicFish","Potion Belt","MealTicket","SlaversCollar","Enchiridion","DataDisk","Red Mask","Regal Pillow","Dead Branch","Juzu Bracelet","PrismaticShard","Coffee Dripper","Anchor","Omamori","Orrery","Mummified Hand","StoneCalendar","White Beast Statue"],"potions_floor_usage":[10,18,22,22,24,24,24,24,33,42,50,55,55,56,56],"damage_taken":[{"damage":2,"enemies":"Jaw Worm","floor":1,"turns":3},{"damage":8,"enemies":"2 Louse","floor":5,"turns":2},{"damage":20,"enemies":"3 Sentries","floor":7,"turns":5},{"damage":0,"enemies":"Cultist","floor":8,"turns":3},{"damage":18,"enemies":"Lagavulin","floor":10,"turns":7},{"damage":8,"enemies":"Red Slaver","floor":12,"turns":3},{"damage":15,"enemies":"Large Slime","floor":14,"turns":3},{"damage":23,"enemies":"Slime Boss","floor":16,"turns":6},{"damage":16,"enemies":"3 Byrds","floor":18,"turns":5},{"damage":8,"enemies":"Spheric Guardian","floor":19,"turns":4},{"damage":7,"enemies":"Masked Bandits","floor":22,"turns":3},{"damage":0,"enemies":"Book of Stabbing","floor":24,"turns":5},{"damage":0,"enemies":"Cultist and Chosen","floor":27,"turns":3},{"damage":0,"enemies":"Gremlin Leader","floor":28,"turns":3},{"damage":1,"enemies":"Centurion and Healer","floor":29,"turns":4},{"damage":28,"enemies":"Automaton","floor":33,"turns":10},{"damage":0,"enemies":"Orb Walker","floor":35,"turns":5},{"damage":2,"enemies":"3 Shapes","floor":39,"turns":4},{"damage":0,"enemies":"Reptomancer","floor":40,"turns":5},{"damage":0,"enemies":"Giant Head","floor":42,"turns":6},{"damage":0,"enemies":"Nemesis","floor":45,"turns":3},{"damage":0,"enemies":"Jaw Worm Horde","floor":46,"turns":2},{"damage":23,"enemies":"Awakened One","floor":50,"turns":10},{"damage":3,"enemies":"Donu and Deca","floor":51,"turns":5},{"damage":0,"enemies":"Shield and Spear","floor":55,"turns":2},{"damage":27,"enemies":"The Heart","floor":56,"turns":7}],"seed_played":"3087484657840870576","potions_obtained":[{"floor":5,"key":"Ancient Potion"},{"floor":8,"key":"Block Potion"},{"floor":12,"key":"Ancient Potion"},{"floor":14,"key":"LiquidMemories"},{"floor":18,"key":"SteroidPotion"},{"floor":19,"key":"EntropicBrew"},{"floor":27,"key":"Block Potion"},{"floor":29,"key":"SteroidPotion"},{"floor":45,"key":"Strength Potion"}],"is_trial":false,"path_per_floor":["M","$","?","?","M","R","E","M","T","E","?","M","$","M","R","B",null,"M","M","?","$","?","R","E","R","T","M","E","M","$","?","R","B",null,"M","?","?","?","M","E","R","E","T","$","E","M","R","$","R","B","B",null,"R","$","E","B",null],"character_chosen":"DEFECT","items_purchased":["Doom and Gloom","Dark Shackles","DataDisk","PrismaticShard","Orrery","Mummified Hand","GamblersBrew","Swift Potion"],"campfire_rested":4,"item_purchase_floors":[2,2,21,30,44,44,44,54],"current_hp_per_floor":[62,62,62,41,33,54,34,34,34,16,16,8,23,8,29,6,55,39,31,10,25,18,39,39,39,39,39,39,38,53,33,70,42,68,68,68,54,54,52,52,52,52,52,67,67,67,67,76,76,53,50,70,70,76,76,49],"gold":53,"neow_bonus":"HUNDRED_GOLD","is_prod":false,"is_daily":false,"chose_seed":false,"campfire_upgraded":4,"win_rate":0,"timestamp":1641073620,"path_taken":["M","$","?","?","M","R","E","M","T","E","?","?","?","M","R","BOSS","M","M","?","$","?","R","E","R","T","M","E","M","?","?","R","BOSS","M","?","?","?","M","E","R","E","T","$","E","M","R","?","R","BOSS","BOSS","R","$","E","BOSS"],"build_version":"2020-12-22","purchased_purges":1,"victory":true,"max_hp_per_floor":[71,71,71,71,71,71,71,71,71,71,71,71,71,71,71,71,71,71,71,71,71,71,71,71,71,71,71,71,71,71,76,76,76,76,76,76,76,76,76,76,76,76,76,76,76,76,76,76,76,76,76,76,76,76,76,76],"relic_stats":{"Regal Pillow":15,"counters":[26,118],"Mummified Hand":[38],"CeramicFish":207,"Dead Branch":[156],"MealTicket":75,"StoneCalendar":[98],"Juzu Bracelet":1,"Omamori":0,"Question Card":25,"obtain_stats":[{"Potion Belt":10,"Regal Pillow":24,"CeramicFish":9,"Dead Branch":26,"Enchiridion":20,"StoneCalendar":45,"Juzu Bracelet":28,"Omamori":42,"Question Card":7,"PrismaticShard":30,"White Beast Statue":55,"SlaversCollar":17,"DataDisk":21,"Anchor":40,"Mummified Hand":44,"Orrery":44,"MealTicket":11,"Red Mask":22,"Coffee Dripper":34,"Cracked Core":0},{"Potion Belt":5,"Regal Pillow":12,"CeramicFish":4,"Dead Branch":12,"Enchiridion":10,"StoneCalendar":21,"Juzu Bracelet":14,"Omamori":20,"Question Card":3,"PrismaticShard":15,"White Beast Statue":25,"SlaversCollar":8,"DataDisk":10,"Anchor":19,"Mummified Hand":20,"Orrery":20,"MealTicket":5,"Red Mask":11,"Coffee Dripper":16,"Cracked Core":0},{"Potion Belt":20,"Regal Pillow":49,"CeramicFish":13,"Dead Branch":49,"Enchiridion":41,"StoneCalendar":92,"Juzu Bracelet":55,"Omamori":89,"Question Card":10,"PrismaticShard":59,"White Beast Statue":111,"SlaversCollar":32,"DataDisk":41,"Anchor":83,"Mummified Hand":89,"Orrery":89,"MealTicket":20,"Red Mask":44,"Coffee Dripper":69,"Cracked Core":0}],"White Beast Statue":[0.0,0.0,0.0,0.0,0.0,1.0,0.0,0.0,0.0,0.0,0.0,0.0]},"card_choices":[{"not_picked":["Compile Driver","Auto Shields"],"picked":"Ball Lightning","floor":1},{"not_picked":["Compile Driver","Conserve Battery"],"picked":"Rebound","floor":5},{"not_picked":["Reprogram","Static Discharge"],"picked":"Hologram","floor":7},{"not_picked":["Sweeping Beam","Stack","Steam Power"],"picked":"Aggregate","floor":8},{"not_picked":["Streamline","Thunder Strike","Compile Driver"],"picked":"Genetic Algorithm","floor":10},{"not_picked":["Stack","Self Repair","Streamline"],"picked":"FTL","floor":12},{"not_picked":["Compile Driver","Coolheaded","Sweeping Beam"],"picked":"Chill","floor":14},{"not_picked":["Creative AI","Multi-Cast","Thunder Strike"],"picked":"Meteor Strike","floor":16},{"not_picked":["Streamline","Sweeping Beam","Stack"],"picked":"Coolheaded+1","floor":18},{"not_picked":["Turbo","Stack","Barrage"],"picked":"Hologram+1","floor":19},{"not_picked":["Echo Form","Heatsinks","Sweeping Beam"],"picked":"Turbo","floor":22},{"not_picked":["Stack","Coolheaded","Chaos"],"picked":"Hologram+1","floor":24},{"not_picked":["Beam Cell","Cold Snap+1","Rebound"],"picked":"Hologram","floor":27},{"not_picked":["Ball Lightning","Steam","Creative AI"],"picked":"Double Energy","floor":28},{"not_picked":["Sweeping Beam","Coolheaded","Chaos","Cold Snap"],"picked":"SKIP","floor":29},{"not_picked":["Barricade","Reboot","Violence"],"picked":"Exhume","floor":33},{"not_picked":["Deadly Poison","Barrage","Hologram"],"picked":"Glacier","floor":35},{"not_picked":["CrushJoints","Flex","Trip"],"picked":"Body Slam","floor":39},{"not_picked":["Sever Soul+1","Deflect+1","Pummel","Clash"],"picked":"SKIP","floor":40},{"not_picked":["Compile Driver","Sentinel+1","Anger+1"],"picked":"Expertise","floor":42},{"not_picked":["Envenom","Sunder+1","Steam Power"],"picked":"Footwork","floor":44},{"not_picked":["Redo+1","Sucker Punch","LikeWater"],"picked":"Madness+1","floor":44},{"not_picked":["Enlightenment","Trip","Sword Boomerang"],"picked":"Acrobatics","floor":44},{"not_picked":["Dramatic Entrance","Body Slam","Sword Boomerang"],"picked":"Worship","floor":44},{"not_picked":["Storm","Good Instincts","SignatureMove+1"],"picked":"Hologram","floor":45},{"not_picked":["Deflect","Footwork","Tactician"],"picked":"MasterReality","floor":46},{"not_picked":["Pommel Strike","Worship","Ghostly Armor+1"],"picked":"Warcry+1","floor":55}],"player_experience":5796117,"relics_obtained":[{"floor":7,"key":"Question Card"},{"floor":9,"key":"CeramicFish"},{"floor":10,"key":"Potion Belt"},{"floor":20,"key":"Enchiridion"},{"floor":22,"key":"Red Mask"},{"floor":24,"key":"Regal Pillow"},{"floor":26,"key":"Dead Branch"},{"floor":28,"key":"Juzu Bracelet"},{"floor":40,"key":"Anchor"},{"floor":42,"key":"Omamori"},{"floor":45,"key":"StoneCalendar"},{"floor":55,"key":"White Beast Statue"}],"event_choices":[{"damage_healed":0,"gold_gain":0,"player_choice":"Left Gold","damage_taken":0,"max_hp_gain":0,"max_hp_loss":0,"event_name":"World of Goop","floor":3,"gold_loss":4},{"damage_healed":0,"gold_gain":0,"player_choice":"Entered Light","damage_taken":21,"max_hp_gain":0,"max_hp_loss":0,"event_name":"Shining Light","floor":4,"gold_loss":0,"cards_upgraded":["Dualcast","Doom and Gloom"]},{"damage_healed":0,"gold_gain":0,"player_choice":"Paid Gold","damage_taken":0,"relics_obtained":["MealTicket"],"max_hp_gain":0,"max_hp_loss":0,"event_name":"WeMeetAgain","floor":11,"gold_loss":56},{"damage_healed":0,"gold_gain":0,"player_choice":"Obtained Book","damage_taken":21,"max_hp_gain":0,"max_hp_loss":0,"event_name":"Cursed Tome","floor":20,"gold_loss":0},{"damage_healed":0,"gold_gain":0,"player_choice":"Fought Bandits","damage_taken":0,"max_hp_gain":0,"max_hp_loss":0,"event_name":"Masked Bandits","floor":22,"gold_loss":0},{"damage_healed":0,"gold_gain":0,"player_choice":"Shed Blood","damage_taken":25,"max_hp_gain":5,"max_hp_loss":0,"event_name":"Forgotten Altar","floor":31,"gold_loss":0},{"cards_removed":["Defend_B"],"damage_healed":0,"gold_gain":0,"player_choice":"Removed Skill","damage_taken":0,"max_hp_gain":0,"max_hp_loss":0,"event_name":"Falling","floor":36,"gold_loss":0},{"damage_healed":0,"gold_gain":0,"player_choice":"Embrace Madness","damage_taken":14,"max_hp_gain":0,"max_hp_loss":0,"event_name":"Winding Halls","floor":37,"gold_loss":0,"cards_obtained":["Madness","Madness"]},{"damage_healed":0,"gold_gain":222,"player_choice":"Wore Mask","damage_taken":0,"max_hp_gain":0,"max_hp_loss":0,"event_name":"Tomb of Lord Red Mask","floor":38,"gold_loss":0}],"is_beta":false,"boss_relics":[{"not_picked":["Tiny House","Cursed Key"],"picked":"SlaversCollar"},{"not_picked":["SacredBark","Astrolabe"],"picked":"Coffee Dripper"}],"items_purged_floors":[2],"is_endless":false,"potions_floor_spawned":[5,8,12,14,18,19,27,29,45],"ascension_level":20}