{"gold_per_floor":[113,113,130,150,163,163,194,194,248,248,84,84,84,116,116,193,193,207,223,241,241,259,259,284,284,309,309,309,45,64,84,84,156,156,172,34,59,59,73,73,108,125,125,136,167,167,201,201,201,201,201,201,201,39,67,67],"floor_reached":57,"playtime":5012,"items_purged":["Strike_B","Defend_B","Defend_B+1"],"score":3236,"play_id":"5b99622a-7b9e-42fd-8d9a-c4b2b929b712","local_time":"20220106164755","is_ascension_mode":true,"campfire_choices":[{"data":"Doom and Gloom","floor":6,"key":"SMITH"},{"data":"Hologram","floor":8,"key":"SMITH"},{"data":"Beam Cell","floor":10,"key":"SMITH"},{"data":"Scrape","floor":13,"key":"SMITH"},{"data":"Dualcast","floor":15,"key":"SMITH"},{"data":"Steam Power","floor":23,"key":"SMITH"},{"data":"Hologram","floor":25,"key":"SMITH"},{"data":"Go for the Eyes","floor":28,"key":"SMITH"},{"data":"Coolheaded","floor":32,"key":"SMITH"},{"data":"Coolheaded","floor":40,"key":"SMITH"},{"data":"Loop","floor":46,"key":"SMITH"},{"floor":49,"key":"RECALL"},{"data":"Machine Learning","floor":53,"key":"SMITH"}],"neow_cost":"TEN_PERCENT_HP_LOSS","seed_source_timestamp":1306311113072800,"circlet_count":0,"master_deck":["AscendersBane","Defend_B+1","Dualcast+1","Doom and Gloom+1","Beam Cell+1","Hologram+1","Gash","Go for the Eyes+1","Scrape+1","Biased Cognition+1","Gash","Undo+1","Steam Power+1","Hologram+1","Panacea+1","Coolheaded+1","Coolheaded+1","Defragment+1","Machine Learning+1","Recycle+1","Gash+1","Loop+1","Coolheaded+1","Skim","Force Field+1"],"relics":["Cracked Core","Eternal Feather","Ancient Tea Set","PreservedInsect","Coffee Dripper","The Courier","Inserter","Medical Kit","Bronze Scales","War Paint","Pen Nib","Anchor","Emotion Chip"],"potions_floor_usage":[14,16,19,22,35,42,44,56],"damage_taken":[{"damage":3,"enemies":"2 Louse","floor":1,"turns":2},{"damage":0,"enemies":"Small Slimes","floor":3,"turns":2},{"damage":0,"enemies":"Cultist","floor":4,"turns":3},{"damage":4,"enemies":"2 Fungi Beasts","floor":5,"turns":4},{"damage":17,"enemies":"Lagavulin","floor":7,"turns":4},{"damage":5,"enemies":"Gremlin Nob","floor":14,"turns":3},{"damage":10,"enemies":"Slime Boss","floor":16,"turns":6},{"damage":33,"enemies":"Shell Parasite","floor":18,"turns":4},{"damage":3,"enemies":"Spheric Guardian","floor":19,"turns":3},{"damage":11,"enemies":"Centurion and Healer","floor":20,"turns":5},{"damage":2,"enemies":"3 Cultists","floor":22,"turns":4},{"damage":15,"enemies":"Book of Stabbing","floor":24,"turns":3},{"damage":0,"enemies":"Snecko","floor":30,"turns":4},{"damage":0,"enemies":"Cultist and Chosen","floor":31,"turns":3},{"damage":0,"enemies":"Collector","floor":33,"turns":6},{"damage":3,"enemies":"3 Shapes","floor":35,"turns":5},{"damage":0,"enemies":"Mind Bloom Boss Battle","floor":37,"turns":4},{"damage":19,"enemies":"3 Darklings","floor":39,"turns":4},{"damage":0,"enemies":"Giant Head","floor":41,"turns":3},{"damage":0,"enemies":"Transient","floor":42,"turns":6},{"damage":21,"enemies":"Jaw Worm Horde","floor":44,"turns":3},{"damage":2,"enemies":"Reptomancer","floor":45,"turns":5},{"damage":1,"enemies":"Giant Head","floor":47,"turns":5},{"damage":0,"enemies":"Donu and Deca","floor":50,"turns":7},{"damage":0,"enemies":"Awakened One","floor":51,"turns":8},{"damage":0,"enemies":"Shield and Spear","floor":55,"turns":4},{"damage":36,"enemies":"The Heart","floor":56,"turns":8}],"seed_played":"2045202382288376456","potions_obtained":[{"floor":1,"key":"SpeedPotion"},{"floor":3,"key":"Fire Potion"},{"floor":14,"key":"PowerPotion"},{"floor":18,"key":"Swift Potion"},{"floor":24,"key":"BlessingOfTheForge"},{"floor":33,"key":"LiquidMemories"},{"floor":41,"key":"LiquidMemories"},{"floor":42,"key":"SkillPotion"},{"floor":44,"key":"PowerPotion"}],"is_trial":false,"path_per_floor":["M","?","M","M","M","R","E","R","T","R","$","?","R","E","R","B",null,"M","M","M","?","M","R","E","R","T","?","R","$","M","M","R","B",null,"M","$","?","?","M","R","E","M","T","M","E","R","E","?","R","B","B",null,"R","$","E","B",null],"character_chosen":"DEFECT","items_purchased":["Scrape","Panacea","Coolheaded","Coolheaded","Defragment","Medical Kit","Skim"],"campfire_rested":0,"item_purchase_floors":[11,29,29,29,29,36,54],"current_hp_per_floor":[61,42,42,42,38,38,21,27,27,33,33,33,39,34,40,30,56,23,20,9,9,7,16,1,10,10,10,19,19,19,19,31,31,56,53,53,53,53,34,46,46,46,46,25,23,38,37,37,49,49,49,60,64,64,64,28],"gold":67,"neow_bonus":"REMOVE_TWO","is_prod":false,"is_daily":false,"chose_seed":false,"campfire_upgraded":12,"win_rate":0,"timestamp":1641505675,"path_taken":["M","?","M","M","M","R","E","R","T","R","$","?","R","E","R","BOSS","M","?","M","?","?","R","E","R","T","?","R","$","M","M","R","BOSS","M","$","?","?","M","R","E","?","T","M","E","R","E","?","R","BOSS","BOSS","R","$","E","BOSS"],"build_version":"2020-12-22","purchased_purges":3,"victory":true,"max_hp_per_floor":[64,64,64,64,64,64,64,64,64,64,64,64,64,64,64,64,64,64,64,64,64,64,64,64,64,64,64,64,64,64,64,64,64,64,64,64,64,64,64,64,64,64,64,64,64,64,64,64,64,64,64,64,64,64,64,64],"relic_stats":{"Emotion Chip":[2,0,2,0,0],"Inserter":[31],"counters":[27,118],"Bronze Scales":[227],"Eternal Feather":106,"PreservedInsect":442,"The Courier":140,"Pen Nib":[14],"War Paint":["Panacea","Defend_B"],"Ancient Tea Set":[18],"Medical Kit":[31],"obtain_stats":[{"Inserter":34,"Eternal Feather":7,"PreservedInsect":14,"The Courier":24,"Pen Nib":45,"War Paint":43,"Ancient Tea Set":9,"Medical Kit":36,"Anchor":47,"Emotion Chip":55,"Bronze Scales":41,"Coffee Dripper":17,"Cracked Core":0},{"Inserter":15,"Eternal Feather":5,"PreservedInsect":6,"The Courier":12,"Pen Nib":22,"War Paint":20,"Ancient Tea Set":5,"Medical Kit":16,"Anchor":23,"Emotion Chip":26,"Bronze Scales":19,"Coffee Dripper":7,"Cracked Core":0},{"Inserter":56,"Eternal Feather":15,"PreservedInsect":18,"The Courier":43,"Pen Nib":86,"War Paint":78,"Ancient Tea Set":15,"Medical Kit":61,"Anchor":91,"Emotion Chip":110,"Bronze Scales":72,"Coffee Dripper":24,"Cracked Core":0}]},"card_choices":[{"not_picked":["Ball Lightning","Beam Cell"],"picked":"Doom and Gloom","floor":1},{"not_picked":["Reprogram","Steam"],"picked":"Beam Cell","floor":3},{"not_picked":["Consume","Storm"],"picked":"Hologram","floor":4},{"not_picked":["Beam Cell","Hyperbeam"],"picked":"Gash","floor":5},{"not_picked":["Conserve Battery","Capacitor"],"picked":"Go for the Eyes","floor":7},{"not_picked":["Fusion","Melter","Sweeping Beam"],"picked":"SKIP","floor":14},{"not_picked":["Hyperbeam","Multi-Cast"],"picked":"Biased Cognition","floor":16},{"not_picked":["Recycle","Lockon"],"picked":"Gash","floor":18},{"not_picked":["Storm","Redo+1"],"picked":"Undo+1","floor":19},{"not_picked":["Stack","White Noise","Storm+1"],"picked":"SKIP","floor":20},{"not_picked":["Scrape","Rebound"],"picked":"Steam Power","floor":22},{"not_picked":["Genetic Algorithm","Defragment"],"picked":"Hologram","floor":24},{"not_picked":["Sweeping Beam","Stack+1","Rebound"],"picked":"SKIP","floor":30},{"not_picked":["Rebound","Multi-Cast","Stack"],"picked":"SKIP","floor":31},{"not_picked":["Rebound","Multi-Cast","Stack"],"picked":"SKIP","floor":31},{"not_picked":["Echo Form","Hyperbeam"],"picked":"Machine Learning","floor":33},{"not_picked":["Glacier","Hologram+1"],"picked":"Recycle+1","floor":35},{"not_picked":["Static Discharge","Barrage"],"picked":"Gash+1","floor":37},{"not_picked":["Beam Cell+1","Cold Snap","Doom and Gloom+1"],"picked":"SKIP","floor":39},{"not_picked":["Reinforced Body","Rainbow","Redo"],"picked":"SKIP","floor":41},{"not_picked":["Reinforced Body","Rainbow","Redo"],"picked":"SKIP","floor":41},{"not_picked":["Recycle","Ball Lightning"],"picked":"Loop","floor":42},{"not_picked":["Buffer","Scrape"],"picked":"Coolheaded+1","floor":45},{"not_picked":["BootSequence","Rainbow","Cold Snap"],"picked":"SKIP","floor":47},{"not_picked":["Hologram","Beam Cell"],"picked":"Force Field+1","floor":55}],"player_experience":5848604,"relics_obtained":[{"floor":7,"key":"Eternal Feather"},{"floor":9,"key":"Ancient Tea Set"},{"floor":14,"key":"PreservedInsect"},{"floor":24,"key":"The Courier"},{"floor":41,"key":"Bronze Scales"},{"floor":43,"key":"War Paint"},{"floor":45,"key":"Pen Nib"},{"floor":47,"key":"Anchor"},{"floor":55,"key":"Emotion Chip"}],"event_choices":[{"damage_healed":0,"gold_gain":0,"player_choice":"Entered Light","damage_taken":19,"max_hp_gain":0,"max_hp_loss":0,"event_name":"Shining Light","floor":2,"gold_loss":0,"cards_upgraded":["Defend_B","Zap"]},{"cards_removed":["Defend_B"],"damage_healed":0,"gold_gain":0,"player_choice":"Offered Basic","damage_taken":0,"max_hp_gain":0,"max_hp_loss":0,"event_name":"Bonfire Elementals","floor":12,"gold_loss":0},{"damage_healed":0,"gold_gain":0,"player_choice":"Upgraded","damage_taken":0,"max_hp_gain":0,"max_hp_loss":0,"event_name":"Upgrade Shrine","floor":21,"gold_loss":0,"cards_upgraded":["Biased Cognition"]},{"cards_removed":["Strike_B"],"damage_healed":0,"gold_gain":0,"player_choice":"Elegance","damage_taken":0,"max_hp_gain":0,"max_hp_loss":0,"event_name":"Back to Basics","floor":27,"gold_loss":0},{"damage_healed":0,"gold_gain":0,"player_choice":"Fight","damage_taken":0,"max_hp_gain":0,"max_hp_loss":0,"event_name":"MindBloom","floor":37,"gold_loss":0},{"damage_healed":0,"gold_gain":0,"player_choice":"Upgraded","damage_taken":0,"max_hp_gain":0,"max_hp_loss":0,"event_name":"Upgrade Shrine","floor":38,"gold_loss":0,"cards_upgraded":["Defragment"]},{"cards_removed":["Zap"],"damage_healed":0,"gold_gain":0,"player_choice":"Purged","damage_taken":0,"max_hp_gain":0,"max_hp_loss":0,"event_name":"Purifier","floor":48,"gold_loss":0}],"is_beta":false,"boss_relics":[{"not_picked":["Snecko Eye","Velvet Choker"],"picked":"Coffee Dripper"},{"not_picked":["Astrolabe","Cursed Key"],"picked":"Inserter"}],"items_purged_floors":[11,29,54],"is_endless":false,"potions_floor_spawned":[1,3,5,14,18,24,33,41,42,44],"ascension_level":20}