{"gold_per_floor":[117,136,136,155,170,170,198,198,198,226,45,73,86,114,114,188,188,203,215,233,233,233,275,275,300,376,155,182,21,47,67,67,153,153,164,175,175,42,70,98,116,116,116,150,170,198,198,221,221,221,221,221,221,20,63,63],"floor_reached":57,"playtime":5666,"items_purged":["Zap","Strike_B+1","Parasite"],"score":3060,"play_id":"73c5a26d-82ee-4c17-a761-3709b94538f3","local_time":"20220107160601","is_ascension_mode":true,"campfire_choices":[{"data":"Sweeping Beam","floor":6,"key":"SMITH"},{"data":"Self Repair","floor":8,"key":"SMITH"},{"data":"Defragment","floor":15,"key":"SMITH"},{"data":"Steam Power","floor":24,"key":"SMITH"},{"data":"Apotheosis","floor":32,"key":"SMITH"},{"floor":47,"key":"RECALL"},{"floor":49,"key":"REST"},{"floor":53,"key":"REST"}],"neow_cost":"NONE","seed_source_timestamp":1389550447351700,"circlet_count":0,"master_deck":["AscendersBane","Strike_B+1","Defend_B","Defend_B","Defend_B","Defend_B","Gash","Gash","Hologram","Sweeping Beam+1","Gash","Self Repair+1","Cold Snap","Defragment+1","Rebound","Beam Cell","All For One","Conserve Battery+1","Hologram","Skim","Steam Power+1","Turbo","Capacitor","Apotheosis+1","Skim","Biased Cognition","Consume","Gash","Madness","Madness","Cold Snap","Chill+1","Echo Form","Aggregate","BootSequence"],"relics":["Cracked Core","Lantern","Vajra","Bag of Preparation","Pear","Toy Ornithopter","Art of War","Black Star","Nilry\u0027s Codex","Orichalcum","CeramicFish","Meat on the Bone","Akabeko","Whetstone","Runic Capacitor","Kunai","StrikeDummy","Fusion Hammer","Matryoshka","CaptainsWheel","Boot","Shuriken","Regal Pillow","Emotion Chip","InkBottle","Ornamental Fan","Centennial Puzzle"],"potions_floor_usage":[7,10,14,23,23,33,45,46,55,56,56],"damage_taken":[{"damage":0,"enemies":"2 Louse","floor":1,"turns":2},{"damage":1,"enemies":"Cultist","floor":2,"turns":4},{"damage":0,"enemies":"Small Slimes","floor":4,"turns":2},{"damage":8,"enemies":"3 Louse","floor":5,"turns":3},{"damage":20,"enemies":"Lagavulin","floor":7,"turns":6},{"damage":12,"enemies":"3 Sentries","floor":10,"turns":6},{"damage":22,"enemies":"Lagavulin","floor":12,"turns":6},{"damage":0,"enemies":"Exordium Wildlife","floor":13,"turns":2},{"damage":16,"enemies":"3 Sentries","floor":14,"turns":7},{"damage":29,"enemies":"Slime Boss","floor":16,"turns":9},{"damage":17,"enemies":"2 Thieves","floor":18,"turns":2},{"damage":0,"enemies":"3 Byrds","floor":19,"turns":4},{"damage":0,"enemies":"Snecko","floor":20,"turns":7},{"damage":0,"enemies":"Slavers","floor":23,"turns":3},{"damage":7,"enemies":"3 Cultists","floor":25,"turns":4},{"damage":13,"enemies":"Book of Stabbing","floor":28,"turns":3},{"damage":0,"enemies":"Gremlin Leader","floor":30,"turns":4},{"damage":0,"enemies":"Cultist and Chosen","floor":31,"turns":3},{"damage":20,"enemies":"Automaton","floor":33,"turns":9},{"damage":16,"enemies":"3 Darklings","floor":35,"turns":3},{"damage":1,"enemies":"Orb Walker","floor":36,"turns":3},{"damage":13,"enemies":"Writhing Mass","floor":39,"turns":6},{"damage":0,"enemies":"Giant Head","floor":40,"turns":3},{"damage":2,"enemies":"Nemesis","floor":44,"turns":5},{"damage":42,"enemies":"Jaw Worm Horde","floor":45,"turns":4},{"damage":12,"enemies":"Reptomancer","floor":46,"turns":6},{"damage":0,"enemies":"3 Darklings","floor":48,"turns":3},{"damage":13,"enemies":"Time Eater","floor":50,"turns":12},{"damage":3,"enemies":"Awakened One","floor":51,"turns":6},{"damage":34,"enemies":"Shield and Spear","floor":55,"turns":5},{"damage":50,"enemies":"The Heart","floor":56,"turns":8}],"seed_played":"4820325001337458720","potions_obtained":[{"floor":1,"key":"Block Potion"},{"floor":5,"key":"PowerPotion"},{"floor":7,"key":"Strength Potion"},{"floor":13,"key":"FearPotion"},{"floor":19,"key":"AttackPotion"},{"floor":23,"key":"Dexterity Potion"},{"floor":31,"key":"SkillPotion"},{"floor":33,"key":"SteroidPotion"},{"floor":44,"key":"DistilledChaos"},{"floor":45,"key":"Dexterity Potion"},{"floor":46,"key":"PowerPotion"},{"floor":55,"key":"ColorlessPotion"}],"is_trial":false,"path_per_floor":["M","M","?","M","M","R","E","R","T","E","$","E","M","E","R","B",null,"M","M","M","?","?","E","R","M","T","$","E","$","E","M","R","B",null,"M","M","?","$","M","E","?","?","T","E","M","E","R","M","R","B","B",null,"R","$","E","B",null],"character_chosen":"DEFECT","items_purchased":["Defragment","Rebound","Capacitor","Apotheosis","Runic Capacitor","Consume","Aggregate"],"campfire_rested":2,"item_purchase_floors":[11,11,27,27,29,38,54],"current_hp_per_floor":[64,63,63,63,55,55,35,35,35,43,43,31,41,40,40,21,66,59,69,79,58,58,78,78,81,81,81,78,78,81,81,81,76,80,74,81,81,81,78,81,66,66,66,74,59,62,62,72,81,78,75,80,81,78,54,36],"gold":63,"neow_bonus":"RANDOM_COMMON_RELIC","is_prod":false,"is_daily":false,"chose_seed":false,"campfire_upgraded":5,"win_rate":0,"timestamp":1641589561,"path_taken":["M","M","?","M","M","R","E","R","T","E","$","E","?","E","R","BOSS","M","M","M","?","?","E","R","?","T","?","E","$","E","M","R","BOSS","M","M","?","$","M","E","?","?","T","E","M","E","R","M","R","BOSS","BOSS","R","$","E","BOSS"],"build_version":"2020-12-22","purchased_purges":3,"victory":true,"max_hp_per_floor":[71,71,71,71,71,71,71,71,71,81,81,81,81,81,81,81,81,81,81,81,81,81,81,81,81,81,81,81,81,81,81,81,81,81,81,81,81,81,81,81,81,81,81,81,81,81,81,81,81,81,81,81,81,78,78,78],"relic_stats":{"Regal Pillow":0,"counters":[31,150],"Nilry\u0027s Codex":[5,21,12,35],"CeramicFish":144,"Bag of Preparation":[52],"Whetstone":["Strike_B","Strike_B"],"Orichalcum":[126],"Boot":[57],"Emotion Chip":[29,7,22,0,0],"Centennial Puzzle":[2],"Matryoshka":1,"Shuriken":[37],"Ornamental Fan":[36],"Art of War":[10],"Black Star":7,"Kunai":[67],"obtain_stats":[{"Lantern":0,"Regal Pillow":44,"Nilry\u0027s Codex":21,"CeramicFish":23,"Vajra":7,"Bag of Preparation":9,"Runic Capacitor":29,"Whetstone":28,"Boot":43,"Emotion Chip":46,"Centennial Puzzle":55,"Matryoshka":40,"Fusion Hammer":34,"Kunai":30,"Cracked Core":0,"InkBottle":46,"Pear":10,"Orichalcum":23,"Akabeko":28,"CaptainsWheel":40,"Shuriken":44,"Ornamental Fan":55,"Art of War":14,"Black Star":17,"StrikeDummy":30,"Toy Ornithopter":12,"Meat on the Bone":26},{"Lantern":0,"Regal Pillow":24,"Nilry\u0027s Codex":13,"CeramicFish":14,"Vajra":5,"Bag of Preparation":5,"Runic Capacitor":16,"Whetstone":16,"Boot":23,"Emotion Chip":26,"Centennial Puzzle":30,"Matryoshka":23,"Fusion Hammer":19,"Kunai":17,"Cracked Core":0,"InkBottle":26,"Pear":6,"Orichalcum":14,"Akabeko":16,"CaptainsWheel":23,"Shuriken":24,"Ornamental Fan":30,"Art of War":9,"Black Star":10,"StrikeDummy":17,"Toy Ornithopter":7,"Meat on the Bone":15},{"Lantern":0,"Regal Pillow":106,"Nilry\u0027s Codex":60,"CeramicFish":63,"Vajra":17,"Bag of Preparation":17,"Runic Capacitor":70,"Whetstone":70,"Boot":101,"Emotion Chip":116,"Centennial Puzzle":142,"Matryoshka":101,"Fusion Hammer":86,"Kunai":74,"Cracked Core":0,"InkBottle":116,"Pear":23,"Orichalcum":63,"Akabeko":70,"CaptainsWheel":101,"Shuriken":106,"Ornamental Fan":142,"Art of War":38,"Black Star":47,"StrikeDummy":74,"Toy Ornithopter":29,"Meat on the Bone":67}],"Toy Ornithopter":40,"InkBottle":[25],"Meat on the Bone":24},"card_choices":[{"not_picked":["Fusion","Storm"],"picked":"Gash","floor":1},{"not_picked":["Force Field","Coolheaded"],"picked":"Gash","floor":2},{"not_picked":["Go for the Eyes","Redo"],"picked":"Sweeping Beam","floor":4},{"not_picked":["Steam","Turbo"],"picked":"Gash","floor":5},{"not_picked":["Rainbow","BootSequence"],"picked":"Self Repair","floor":7},{"not_picked":["Turbo","Sweeping Beam"],"picked":"Cold Snap","floor":10},{"not_picked":["Self Repair","Rebound","Compile Driver"],"picked":"SKIP","floor":12},{"not_picked":["Blizzard","Turbo"],"picked":"Beam Cell","floor":13},{"not_picked":["Stack","Conserve Battery","Rebound"],"picked":"SKIP","floor":14},{"not_picked":["Thunder Strike","Echo Form"],"picked":"All For One","floor":16},{"not_picked":["Blizzard","Coolheaded"],"picked":"Conserve Battery+1","floor":18},{"not_picked":["Reinforced Body","Leap"],"picked":"Hologram","floor":19},{"not_picked":["Sweeping Beam","Barrage"],"picked":"Skim","floor":20},{"not_picked":["Streamline+1","Electrodynamics"],"picked":"Steam Power","floor":23},{"not_picked":["Lockon","Auto Shields"],"picked":"Turbo","floor":25},{"not_picked":["White Noise","Lockon","Chaos"],"picked":"SKIP","floor":28},{"not_picked":["Reprogram+1","Scrape","Rainbow"],"picked":"SKIP","floor":30},{"not_picked":["Reprogram+1","Scrape","Rainbow"],"picked":"SKIP","floor":30},{"not_picked":["Steam","Sweeping Beam"],"picked":"Skim","floor":31},{"not_picked":["Core Surge","Meteor Strike"],"picked":"Biased Cognition","floor":33},{"not_picked":["Redo","Conserve Battery","Defragment"],"picked":"SKIP","floor":35},{"not_picked":["Lockon+1","Ball Lightning+1","Compile Driver"],"picked":"SKIP","floor":36},{"not_picked":["Self Repair","Barrage"],"picked":"Gash","floor":39},{"not_picked":["Compile Driver","Ball Lightning+1","Sweeping Beam+1"],"picked":"SKIP","floor":40},{"not_picked":["Compile Driver","Ball Lightning+1","Sweeping Beam+1"],"picked":"SKIP","floor":40},{"not_picked":["Amplify","Stack"],"picked":"Cold Snap","floor":44},{"not_picked":["Barrage+1","Hello World+1"],"picked":"Chill+1","floor":45},{"not_picked":["Redo","White Noise","Sunder"],"picked":"SKIP","floor":46},{"not_picked":["Ball Lightning","Doom and Gloom"],"picked":"Echo Form","floor":48},{"not_picked":["Lockon+1","Leap"],"picked":"BootSequence","floor":55}],"player_experience":5869238,"relics_obtained":[{"floor":7,"key":"Vajra"},{"floor":9,"key":"Bag of Preparation"},{"floor":10,"key":"Pear"},{"floor":12,"key":"Toy Ornithopter"},{"floor":14,"key":"Art of War"},{"floor":21,"key":"Nilry\u0027s Codex"},{"floor":23,"key":"Orichalcum"},{"floor":23,"key":"CeramicFish"},{"floor":26,"key":"Meat on the Bone"},{"floor":28,"key":"Akabeko"},{"floor":28,"key":"Whetstone"},{"floor":30,"key":"Kunai"},{"floor":30,"key":"StrikeDummy"},{"floor":40,"key":"Matryoshka"},{"floor":40,"key":"CaptainsWheel"},{"floor":43,"key":"Boot"},{"floor":44,"key":"Shuriken"},{"floor":44,"key":"Regal Pillow"},{"floor":46,"key":"Emotion Chip"},{"floor":46,"key":"InkBottle"},{"floor":55,"key":"Ornamental Fan"},{"floor":55,"key":"Centennial Puzzle"}],"event_choices":[{"damage_healed":0,"gold_gain":0,"cards_transformed":["Strike_B"],"player_choice":"Transformed","damage_taken":0,"max_hp_gain":0,"max_hp_loss":0,"event_name":"Transmorgrifier","floor":3,"gold_loss":0,"cards_obtained":["Hologram"]},{"damage_healed":0,"gold_gain":0,"player_choice":"Obtained Book","damage_taken":21,"max_hp_gain":0,"max_hp_loss":0,"event_name":"Cursed Tome","floor":21,"gold_loss":0},{"cards_removed":["Strike_B"],"damage_healed":0,"gold_gain":0,"player_choice":"Elegance","damage_taken":0,"max_hp_gain":0,"max_hp_loss":0,"event_name":"Back to Basics","floor":22,"gold_loss":0},{"damage_healed":0,"gold_gain":0,"player_choice":"Ignored","damage_taken":0,"max_hp_gain":0,"max_hp_loss":0,"event_name":"Tomb of Lord Red Mask","floor":37,"gold_loss":0},{"damage_healed":0,"gold_gain":0,"player_choice":"Embrace Madness","damage_taken":15,"max_hp_gain":0,"max_hp_loss":0,"event_name":"Winding Halls","floor":41,"gold_loss":0,"cards_obtained":["Madness","Madness"]},{"cards_removed":["Dualcast"],"damage_healed":0,"gold_gain":0,"player_choice":"Removed Skill","damage_taken":0,"max_hp_gain":0,"max_hp_loss":0,"event_name":"Falling","floor":42,"gold_loss":0}],"is_beta":false,"boss_relics":[{"not_picked":["Snecko Eye","Philosopher\u0027s Stone"],"picked":"Black Star"},{"not_picked":["Tiny House","Inserter"],"picked":"Fusion Hammer"}],"items_purged_floors":[11,38,54],"is_endless":false,"potions_floor_spawned":[1,5,7,13,19,20,23,31,33,44,45,46,55],"ascension_level":20}