{"gold_per_floor":[116,116,71,71,88,121,121,121,195,215,243,266,62,93,93,164,164,184,198,198,67,95,95,129,179,179,179,209,222,242,276,276,352,352,368,383,383,399,409,441,441,475,475,316,366,379,398,425,425,425,425,425,425,37,70,70],"floor_reached":57,"playtime":6116,"items_purged":["Strike_B","Defend_B","Strike_B","Strike_B"],"score":3232,"play_id":"93840920-17e6-4685-a364-9d3bb3cea3dd","local_time":"20220111162744","is_ascension_mode":true,"campfire_choices":[{"data":"Streamline","floor":7,"key":"SMITH"},{"data":"Beam Cell","floor":15,"key":"SMITH"},{"data":"Reboot","floor":23,"key":"SMITH"},{"floor":27,"key":"REST"},{"data":"Heatsinks","floor":32,"key":"SMITH"},{"floor":41,"key":"REST"},{"floor":49,"key":"RECALL"},{"floor":53,"key":"REST"}],"neow_cost":"NONE","seed_source_timestamp":271860261986800,"circlet_count":0,"master_deck":["AscendersBane","Defend_B","Defend_B","Defend_B+1","Zap+1","Dualcast","White Noise+1","Heatsinks+1","Cold Snap+1","Streamline+1","Beam Cell+1","Creative AI","Compile Driver","Reboot+1","Melter","Auto Shields+1","Capacitor","Chill","Turbo+1","Biased Cognition","Undo","Buffer+1","Core Surge","Hologram","Force Field+1","Seek","Coolheaded","Heatsinks","Go for the Eyes+1","Secret Technique","Dark Shackles"],"relics":["FrozenCore","NeowsBlessing","Gremlin Horn","Sundial","Centennial Puzzle","PreservedInsect","Membership Card","DataDisk","Red Mask","Anchor","Pocketwatch","Strawberry","Art of War","Fusion Hammer","War Paint","Vajra","Bird Faced Urn","Pen Nib","Dead Branch","CaptainsWheel"],"potions_floor_usage":[11,22,29,36,56,56],"damage_taken":[{"damage":0,"enemies":"Small Slimes","floor":1,"turns":1},{"damage":0,"enemies":"Cultist","floor":5,"turns":1},{"damage":0,"enemies":"Gremlin Nob","floor":6,"turns":1},{"damage":0,"enemies":"2 Louse","floor":10,"turns":2},{"damage":8,"enemies":"Lagavulin","floor":11,"turns":6},{"damage":2,"enemies":"3 Sentries","floor":14,"turns":6},{"damage":25,"enemies":"Hexaghost","floor":16,"turns":9},{"damage":3,"enemies":"Chosen","floor":18,"turns":5},{"damage":13,"enemies":"Shell Parasite","floor":19,"turns":3},{"damage":8,"enemies":"Masked Bandits","floor":22,"turns":5},{"damage":16,"enemies":"Slavers","floor":24,"turns":7},{"damage":0,"enemies":"Book of Stabbing","floor":28,"turns":5},{"damage":0,"enemies":"Cultist and Chosen","floor":29,"turns":7},{"damage":2,"enemies":"Snake Plant","floor":30,"turns":3},{"damage":0,"enemies":"Gremlin Leader","floor":31,"turns":8},{"damage":1,"enemies":"Champ","floor":33,"turns":15},{"damage":4,"enemies":"3 Shapes","floor":35,"turns":5},{"damage":0,"enemies":"Orb Walker","floor":36,"turns":4},{"damage":0,"enemies":"Transient","floor":38,"turns":6},{"damage":0,"enemies":"4 Shapes","floor":39,"turns":8},{"damage":0,"enemies":"Giant Head","floor":40,"turns":9},{"damage":0,"enemies":"Nemesis","floor":42,"turns":7},{"damage":7,"enemies":"2 Orb Walkers","floor":45,"turns":5},{"damage":6,"enemies":"Jaw Worm Horde","floor":46,"turns":4},{"damage":0,"enemies":"Spire Growth","floor":47,"turns":5},{"damage":0,"enemies":"Reptomancer","floor":48,"turns":5},{"damage":7,"enemies":"Time Eater","floor":50,"turns":19},{"damage":0,"enemies":"Donu and Deca","floor":51,"turns":12},{"damage":0,"enemies":"Shield and Spear","floor":55,"turns":6},{"damage":3,"enemies":"The Heart","floor":56,"turns":9}],"seed_played":"-8431342052787210687","potions_obtained":[{"floor":5,"key":"Weak Potion"},{"floor":6,"key":"LiquidBronze"},{"floor":19,"key":"EssenceOfSteel"},{"floor":28,"key":"SkillPotion"},{"floor":30,"key":"Energy Potion"},{"floor":39,"key":"SmokeBomb"},{"floor":40,"key":"Energy Potion"},{"floor":45,"key":"DuplicationPotion"}],"is_trial":false,"path_per_floor":["M","?","$","?","M","E","R","?","T","M","E","T","$","E","R","B",null,"M","M","?","$","?","R","E","?","T","R","E","M","M","E","R","B",null,"M","M","?","M","M","E","R","E","T","$","?","M","M","E","R","B","B",null,"R","$","E","B",null],"character_chosen":"DEFECT","items_purchased":["Heatsinks","Membership Card","Capacitor","Chill","Seek","FocusPotion","Coolheaded","Dead Branch","Secret Technique","Dark Shackles"],"campfire_rested":3,"item_purchase_floors":[3,13,21,21,44,44,44,54,54,54],"current_hp_per_floor":[64,64,64,64,64,64,64,43,43,43,35,35,35,33,33,8,55,52,39,39,39,31,31,15,15,15,36,43,43,41,41,41,40,69,65,65,65,65,65,65,78,78,78,78,71,78,78,78,78,78,78,78,78,78,78,78],"gold":70,"neow_bonus":"THREE_ENEMY_KILL","is_prod":false,"is_daily":false,"chose_seed":false,"campfire_upgraded":4,"win_rate":0,"timestamp":1641936464,"path_taken":["M","?","?","?","?","E","R","?","T","M","E","?","$","E","R","BOSS","M","M","?","$","?","R","E","?","T","R","E","M","M","E","R","BOSS","M","M","?","?","M","E","R","E","T","$","?","M","M","E","R","BOSS","BOSS","R","$","E","BOSS"],"build_version":"2020-12-22","purchased_purges":4,"victory":true,"max_hp_per_floor":[71,71,71,71,71,71,71,71,71,71,71,71,71,71,71,71,71,71,71,71,71,71,71,71,71,71,71,78,78,78,78,78,78,78,78,78,78,78,78,78,78,78,78,78,78,78,78,78,78,78,78,78,78,78,78,78],"relic_stats":{"Gremlin Horn":[31,31],"counters":[30,188],"Dead Branch":[34],"PreservedInsect":486,"Pen Nib":[7],"War Paint":["Turbo","Zap"],"FrozenCore":[74],"Centennial Puzzle":[36],"Sundial":[52],"Bird Faced Urn":[23],"Art of War":[29],"Membership Card":710,"obtain_stats":[{"NeowsBlessing":0,"Gremlin Horn":6,"Dead Branch":54,"Vajra":42,"PreservedInsect":12,"Pen Nib":48,"War Paint":40,"FrozenCore":17,"Centennial Puzzle":11,"DataDisk":14,"Anchor":24,"CaptainsWheel":55,"Sundial":9,"Strawberry":28,"Bird Faced Urn":45,"Fusion Hammer":34,"Red Mask":22,"Art of War":31,"Membership Card":13,"Cracked Core":0,"Pocketwatch":26},{"NeowsBlessing":0,"Gremlin Horn":3,"Dead Branch":28,"Vajra":22,"PreservedInsect":5,"Pen Nib":26,"War Paint":21,"FrozenCore":7,"Centennial Puzzle":5,"DataDisk":6,"Anchor":11,"CaptainsWheel":29,"Sundial":3,"Strawberry":12,"Bird Faced Urn":23,"Fusion Hammer":16,"Red Mask":10,"Art of War":15,"Membership Card":5,"Cracked Core":0,"Pocketwatch":11},{"NeowsBlessing":0,"Gremlin Horn":3,"Dead Branch":173,"Vajra":123,"PreservedInsect":11,"Pen Nib":142,"War Paint":116,"FrozenCore":26,"Centennial Puzzle":11,"DataDisk":17,"Anchor":46,"CaptainsWheel":179,"Sundial":3,"Strawberry":51,"Bird Faced Urn":128,"Fusion Hammer":84,"Red Mask":39,"Art of War":69,"Membership Card":11,"Cracked Core":0,"Pocketwatch":46}],"Pocketwatch":[139]},"card_choices":[{"not_picked":["Cold Snap","Compile Driver"],"picked":"White Noise","floor":1},{"not_picked":["Coolheaded","Compile Driver"],"picked":"Cold Snap","floor":5},{"not_picked":["Conserve Battery","Beam Cell"],"picked":"Streamline","floor":6},{"not_picked":["Gash","Darkness"],"picked":"Beam Cell","floor":10},{"not_picked":["Rip and Tear","Turbo"],"picked":"Creative AI","floor":11},{"not_picked":["Redo","Capacitor"],"picked":"Compile Driver","floor":14},{"not_picked":["Meteor Strike","All For One"],"picked":"Reboot","floor":16},{"not_picked":["Turbo","Ball Lightning"],"picked":"Melter","floor":18},{"not_picked":["Compile Driver","Turbo"],"picked":"Auto Shields+1","floor":19},{"not_picked":["Scrape","Barrage"],"picked":"Turbo","floor":22},{"not_picked":["Ball Lightning","Redo"],"picked":"Biased Cognition","floor":24},{"not_picked":["Sunder","Ball Lightning+1","Darkness"],"picked":"SKIP","floor":28},{"not_picked":["Scrape","Reprogram","Storm"],"picked":"SKIP","floor":29},{"not_picked":["Streamline","Stack"],"picked":"Undo","floor":30},{"not_picked":["Coolheaded","Static Discharge"],"picked":"Buffer","floor":31},{"not_picked":["Thunder Strike","Creative AI"],"picked":"Core Surge","floor":33},{"not_picked":["Streamline","Compile Driver+1","Stack"],"picked":"SKIP","floor":35},{"not_picked":["Ball Lightning","Auto Shields","Conserve Battery"],"picked":"SKIP","floor":36},{"not_picked":["Coolheaded","Stack","Compile Driver+1"],"picked":"SKIP","floor":38},{"not_picked":["Leap","Go for the Eyes"],"picked":"Hologram","floor":39},{"not_picked":["Steam","Sweeping Beam","Static Discharge"],"picked":"SKIP","floor":40},{"not_picked":["Turbo","Fusion"],"picked":"Force Field+1","floor":42},{"not_picked":["Chaos","Scrape","Coolheaded"],"picked":"SKIP","floor":46},{"not_picked":["Melter","Ball Lightning"],"picked":"Heatsinks","floor":47},{"not_picked":["Scrape+1","Capacitor"],"picked":"Go for the Eyes+1","floor":48},{"not_picked":["Steam","Blizzard","Turbo"],"picked":"SKIP","floor":55},{"not_picked":["Steam","Blizzard","Turbo"],"picked":"SKIP","floor":55}],"player_experience":5899339,"relics_obtained":[{"floor":6,"key":"Gremlin Horn"},{"floor":9,"key":"Sundial"},{"floor":11,"key":"Centennial Puzzle"},{"floor":12,"key":"PreservedInsect"},{"floor":14,"key":"DataDisk"},{"floor":22,"key":"Red Mask"},{"floor":24,"key":"Anchor"},{"floor":26,"key":"Pocketwatch"},{"floor":28,"key":"Strawberry"},{"floor":31,"key":"Art of War"},{"floor":40,"key":"War Paint"},{"floor":42,"key":"Vajra"},{"floor":45,"key":"Bird Faced Urn"},{"floor":48,"key":"Pen Nib"},{"floor":55,"key":"CaptainsWheel"}],"event_choices":[{"damage_healed":0,"gold_gain":0,"player_choice":"Upgraded","damage_taken":0,"max_hp_gain":0,"max_hp_loss":0,"event_name":"Upgrade Shrine","floor":2,"gold_loss":0,"cards_upgraded":["White Noise"]},{"cards_removed":["Strike_B"],"damage_healed":0,"gold_gain":0,"player_choice":"Purged","damage_taken":0,"max_hp_gain":0,"max_hp_loss":0,"event_name":"Purifier","floor":4,"gold_loss":0},{"damage_healed":0,"gold_gain":0,"player_choice":"Entered Light","damage_taken":21,"max_hp_gain":0,"max_hp_loss":0,"event_name":"Shining Light","floor":8,"gold_loss":0,"cards_upgraded":["Defend_B","Cold Snap"]},{"damage_healed":0,"gold_gain":0,"player_choice":"Ignored","damage_taken":0,"max_hp_gain":0,"max_hp_loss":0,"event_name":"Vampires","floor":20,"gold_loss":0},{"damage_healed":0,"gold_gain":0,"player_choice":"Fought Bandits","damage_taken":0,"max_hp_gain":0,"max_hp_loss":0,"event_name":"Masked Bandits","floor":22,"gold_loss":0},{"damage_healed":0,"gold_gain":50,"player_choice":"Stole From Cult","damage_taken":0,"max_hp_gain":0,"max_hp_loss":0,"event_name":"Nest","floor":25,"gold_loss":0},{"damage_healed":0,"gold_gain":0,"player_choice":"Forge","damage_taken":0,"max_hp_gain":0,"max_hp_loss":0,"event_name":"Accursed Blacksmith","floor":37,"gold_loss":0,"cards_upgraded":["Buffer"]},{"damage_healed":0,"gold_gain":0,"player_choice":"Fight","damage_taken":0,"max_hp_gain":0,"max_hp_loss":0,"event_name":"Mysterious Sphere","floor":45,"gold_loss":0}],"is_beta":false,"boss_relics":[{"not_picked":["Calling Bell","Sozu"],"picked":"FrozenCore"},{"not_picked":["Philosopher\u0027s Stone","Snecko Eye"],"picked":"Fusion Hammer"}],"items_purged_floors":[13,21,44,54],"is_endless":false,"potions_floor_spawned":[5,6,19,28,30,33,39,40,45,47],"ascension_level":20}