{"gold_per_floor":[110,128,145,45,45,75,87,130,165,190,233,295,320,352,364,447,459,490,114,165,179,193,224,224,236,259,290,290,307,335,385,385,461,461,481,246,246,246,260,293,293,312,312,347,347,347,373,234,234,254,274,274,274,5,36,36],"floor_reached":56,"playtime":5942,"items_purged":["Strike_B","Strike_B","Strike_B","Defend_B","Defend_B"],"score":2241,"play_id":"7cda9914-96e1-4181-ab32-af9b23d853a9","local_time":"20220122184126","is_ascension_mode":true,"campfire_choices":[{"floor":7,"key":"REST"},{"data":"Electrodynamics","floor":15,"key":"SMITH"},{"data":"Buffer","floor":24,"key":"SMITH"},{"data":"Defragment","floor":28,"key":"SMITH"},{"data":"Aggregate","floor":32,"key":"SMITH"},{"floor":41,"key":"RECALL"},{"data":"Apotheosis","floor":49,"key":"SMITH"},{"data":"Secret Technique","floor":53,"key":"SMITH"}],"neow_cost":"NONE","seed_source_timestamp":316090182927800,"circlet_count":0,"master_deck":["AscendersBane","Defend_B","Defend_B","Zap+1","Dualcast","Ball Lightning","Ball Lightning","Steam+1","Coolheaded","Conserve Battery","Sunder","Electrodynamics+1","Buffer+1","CurseOfTheBell","Defragment+1","Aggregate+1","Buffer","Chill+1","Amplify","Coolheaded","Secret Technique+1","Hologram","Go for the Eyes+1","Undo","Apotheosis+1","Magnetism","Discovery","Capacitor"],"relics":["Cracked Core","PreservedInsect","MawBank","Happy Flower","Orichalcum","Anchor","Calling Bell","Oddly Smooth Stone","Eternal Feather","Incense Burner","Toy Ornithopter","Strawberry","Ice Cream","Smiling Mask","Sundial","Meat on the Bone","Inserter","Bottled Lightning","Regal Pillow","CeramicFish","Centennial Puzzle","Kunai"],"potions_floor_usage":[8,18,22,23,27,33,33,44,56,56],"damage_taken":[{"damage":2,"enemies":"Jaw Worm","floor":1,"turns":3},{"damage":0,"enemies":"2 Louse","floor":2,"turns":2},{"damage":0,"enemies":"Cultist","floor":3,"turns":2},{"damage":6,"enemies":"Gremlin Nob","floor":6,"turns":3},{"damage":0,"enemies":"Lagavulin","floor":8,"turns":5},{"damage":10,"enemies":"Lots of Slimes","floor":10,"turns":3},{"damage":3,"enemies":"Gremlin Nob","floor":11,"turns":3},{"damage":0,"enemies":"Looter","floor":13,"turns":2},{"damage":0,"enemies":"Large Slime","floor":14,"turns":5},{"damage":12,"enemies":"The Guardian","floor":16,"turns":11},{"damage":17,"enemies":"3 Byrds","floor":18,"turns":4},{"damage":0,"enemies":"Shell Parasite","floor":21,"turns":3},{"damage":5,"enemies":"Snecko","floor":22,"turns":5},{"damage":15,"enemies":"Book of Stabbing","floor":23,"turns":4},{"damage":0,"enemies":"3 Cultists","floor":25,"turns":5},{"damage":6,"enemies":"Slavers","floor":27,"turns":2},{"damage":16,"enemies":"Snake Plant","floor":29,"turns":4},{"damage":0,"enemies":"Book of Stabbing","floor":30,"turns":4},{"damage":43,"enemies":"Automaton","floor":33,"turns":10},{"damage":0,"enemies":"3 Shapes","floor":35,"turns":6},{"damage":0,"enemies":"Orb Walker","floor":39,"turns":5},{"damage":0,"enemies":"Reptomancer","floor":40,"turns":5},{"damage":0,"enemies":"3 Darklings","floor":42,"turns":5},{"damage":0,"enemies":"Giant Head","floor":44,"turns":8},{"damage":0,"enemies":"Donu and Deca","floor":50,"turns":9},{"damage":7,"enemies":"Time Eater","floor":51,"turns":16},{"damage":8,"enemies":"Shield and Spear","floor":55,"turns":8},{"damage":76,"enemies":"The Heart","floor":56,"turns":9}],"seed_played":"7169354142961008829","potions_obtained":[{"floor":3,"key":"DuplicationPotion"},{"floor":6,"key":"Strength Potion"},{"floor":13,"key":"LiquidMemories"},{"floor":22,"key":"LiquidBronze"},{"floor":23,"key":"SkillPotion"},{"floor":27,"key":"AttackPotion"},{"floor":33,"key":"SkillPotion"},{"floor":39,"key":"Energy Potion"},{"floor":44,"key":"SpeedPotion"}],"is_trial":false,"path_per_floor":["M","M","M","$","?","E","R","E","T","M","E","?","M","M","R","B",null,"M","$","T","M","M","E","R","M","T","E","R","M","E","?","R","B",null,"M","$","?","?","M","E","R","M","T","E","?","?","T","$","R","B","B",null,"R","$","E","B"],"character_chosen":"DEFECT","items_purchased":["Steam","Toy Ornithopter","Defragment","ColorlessPotion","Secret Technique","FocusPotion","Capacitor","Centennial Puzzle","PowerPotion"],"campfire_rested":1,"item_purchase_floors":[4,19,19,19,36,48,48,54,54],"current_hp_per_floor":[62,62,62,62,41,35,56,56,56,46,43,43,43,43,43,31,61,44,44,51,51,51,41,53,53,53,52,64,48,48,48,60,39,68,68,68,68,68,68,68,74,74,74,74,74,64,64,64,74,74,67,72,74,74,66,0],"gold":36,"neow_bonus":"RANDOM_COMMON_RELIC","is_prod":false,"is_daily":false,"chose_seed":false,"campfire_upgraded":6,"win_rate":0,"timestamp":1642894886,"path_taken":["M","M","M","$","?","E","R","E","T","M","E","?","M","M","R","BOSS","M","$","?","?","M","E","R","M","T","E","R","M","E","?","R","BOSS","M","$","?","?","M","E","R","?","T","E","?","?","?","$","R","BOSS","BOSS","R","$","E","BOSS"],"build_version":"2020-12-22","purchased_purges":5,"victory":false,"max_hp_per_floor":[71,71,71,71,71,71,71,71,71,71,71,71,71,71,71,71,71,71,71,78,78,78,78,78,78,78,78,78,78,78,78,78,78,78,78,78,74,74,74,74,74,74,74,74,74,74,74,74,74,74,74,74,74,74,74,74],"relic_stats":{"Ice Cream":[297],"Regal Pillow":0,"Inserter":[31],"Happy Flower":[45],"counters":[28,151],"CeramicFish":9,"Eternal Feather":54,"PreservedInsect":466,"Orichalcum":[252],"MawBank":156,"Smiling Mask":300,"Centennial Puzzle":[6],"Sundial":[12],"Bottled Lightning":"Secret Technique","Kunai":[0],"obtain_stats":[{"Ice Cream":23,"Regal Pillow":44,"Inserter":34,"Happy Flower":8,"CeramicFish":47,"Oddly Smooth Stone":17,"Eternal Feather":17,"PreservedInsect":0,"Incense Burner":17,"Orichalcum":9,"MawBank":6,"Smiling Mask":26,"Calling Bell":17,"Anchor":11,"Centennial Puzzle":54,"Sundial":27,"Strawberry":20,"Bottled Lightning":40,"Kunai":55,"Cracked Core":0,"Toy Ornithopter":19,"Meat on the Bone":30},{"Ice Cream":14,"Regal Pillow":24,"Inserter":19,"Happy Flower":5,"CeramicFish":24,"Oddly Smooth Stone":10,"Eternal Feather":10,"PreservedInsect":0,"Incense Burner":10,"Orichalcum":5,"MawBank":4,"Smiling Mask":15,"Calling Bell":10,"Anchor":7,"Centennial Puzzle":26,"Sundial":16,"Strawberry":11,"Bottled Lightning":22,"Kunai":27,"Cracked Core":0,"Toy Ornithopter":11,"Meat on the Bone":18},{"Ice Cream":55,"Regal Pillow":109,"Inserter":80,"Happy Flower":15,"CeramicFish":109,"Oddly Smooth Stone":39,"Eternal Feather":39,"PreservedInsect":0,"Incense Burner":39,"Orichalcum":15,"MawBank":10,"Smiling Mask":60,"Calling Bell":39,"Anchor":21,"Centennial Puzzle":134,"Sundial":62,"Strawberry":43,"Bottled Lightning":96,"Kunai":142,"Cracked Core":0,"Toy Ornithopter":43,"Meat on the Bone":70}],"Toy Ornithopter":35,"Meat on the Bone":12},"card_choices":[{"not_picked":["Redo","Streamline"],"picked":"Ball Lightning","floor":1},{"not_picked":["Beam Cell","Go for the Eyes"],"picked":"Ball Lightning","floor":2},{"not_picked":["Hologram","Steam"],"picked":"Lockon","floor":3},{"not_picked":["Thunder Strike","Beam Cell"],"picked":"Coolheaded","floor":6},{"not_picked":["Cold Snap","Reprogram"],"picked":"Conserve Battery","floor":8},{"not_picked":["Gash","Turbo","Streamline"],"picked":"SKIP","floor":10},{"not_picked":["Steam","Leap","Force Field"],"picked":"SKIP","floor":11},{"not_picked":["Steam","Leap","Force Field"],"picked":"SKIP","floor":11},{"not_picked":["Force Field","Coolheaded"],"picked":"Sunder","floor":13},{"not_picked":["Redo","Capacitor"],"picked":"Electrodynamics","floor":14},{"not_picked":["Hyperbeam","Reboot"],"picked":"Buffer","floor":16},{"not_picked":["Coolheaded","Cold Snap","Beam Cell"],"picked":"SKIP","floor":18},{"not_picked":["Turbo","Barrage"],"picked":"Aggregate","floor":21},{"not_picked":["Conserve Battery","Melter","Fusion"],"picked":"SKIP","floor":23},{"not_picked":["BootSequence","Darkness","Gash"],"picked":"SKIP","floor":25},{"not_picked":["Lockon","Ball Lightning+1"],"picked":"Buffer","floor":27},{"not_picked":["Leap","Conserve Battery","Coolheaded"],"picked":"SKIP","floor":29},{"not_picked":["Conserve Battery","Streamline"],"picked":"Chill+1","floor":30},{"not_picked":["Fission","Multi-Cast"],"picked":"Amplify","floor":33},{"not_picked":["Leap","Aggregate"],"picked":"Coolheaded","floor":35},{"not_picked":["Barrage","Conserve Battery"],"picked":"Hologram","floor":39},{"not_picked":["Redo","Rainbow"],"picked":"Go for the Eyes+1","floor":40},{"not_picked":["Streamline","Self Repair+1","Ball Lightning"],"picked":"SKIP","floor":42},{"not_picked":["Steam Power","Turbo"],"picked":"Undo","floor":44},{"not_picked":["The Bomb","Swift Strike"],"picked":"Apotheosis","floor":46},{"not_picked":["Madness","PanicButton"],"picked":"Magnetism","floor":46},{"not_picked":["Dramatic Entrance","Thinking Ahead"],"picked":"Discovery","floor":46},{"not_picked":["Compile Driver+1","Beam Cell","Doom and Gloom"],"picked":"SKIP","floor":55}],"player_experience":6044158,"relics_obtained":[{"floor":6,"key":"MawBank"},{"floor":8,"key":"Happy Flower"},{"floor":9,"key":"Orichalcum"},{"floor":11,"key":"Anchor"},{"floor":17,"key":"Oddly Smooth Stone"},{"floor":17,"key":"Eternal Feather"},{"floor":17,"key":"Incense Burner"},{"floor":20,"key":"Strawberry"},{"floor":23,"key":"Ice Cream"},{"floor":26,"key":"Smiling Mask"},{"floor":27,"key":"Sundial"},{"floor":30,"key":"Meat on the Bone"},{"floor":40,"key":"Bottled Lightning"},{"floor":44,"key":"Regal Pillow"},{"floor":47,"key":"CeramicFish"},{"floor":55,"key":"Kunai"}],"event_choices":[{"damage_healed":0,"gold_gain":0,"player_choice":"Entered Light","damage_taken":21,"max_hp_gain":0,"max_hp_loss":0,"event_name":"Shining Light","floor":5,"gold_loss":0,"cards_upgraded":["Steam","Zap"]},{"damage_healed":0,"gold_gain":50,"player_choice":"Pray","damage_taken":0,"max_hp_gain":0,"max_hp_loss":0,"event_name":"Golden Shrine","floor":12,"gold_loss":0},{"damage_healed":0,"gold_gain":50,"player_choice":"Stole From Cult","damage_taken":0,"max_hp_gain":0,"max_hp_loss":0,"event_name":"Nest","floor":31,"gold_loss":0},{"damage_healed":0,"gold_gain":0,"player_choice":"Max HP","damage_taken":0,"max_hp_gain":0,"max_hp_loss":4,"event_name":"Winding Halls","floor":37,"gold_loss":0},{"cards_removed":["Strike_B"],"damage_healed":0,"gold_gain":0,"player_choice":"Card Removal","damage_taken":0,"max_hp_gain":0,"max_hp_loss":0,"event_name":"Wheel of Change","floor":38,"gold_loss":0},{"cards_removed":["Lockon"],"damage_healed":0,"gold_gain":0,"player_choice":"Removed Attack","damage_taken":0,"max_hp_gain":0,"max_hp_loss":0,"event_name":"Falling","floor":45,"gold_loss":0},{"damage_healed":0,"gold_gain":0,"player_choice":"Memory 3","damage_taken":10,"max_hp_gain":0,"max_hp_loss":0,"event_name":"SensoryStone","floor":46,"gold_loss":0}],"is_beta":false,"boss_relics":[{"not_picked":["Velvet Choker","SlaversCollar"],"picked":"Calling Bell"},{"not_picked":["Snecko Eye","Black Star"],"picked":"Inserter"}],"items_purged_floors":[4,19,36,48,54],"is_endless":false,"potions_floor_spawned":[3,6,13,14,22,23,27,33,39,44,55],"killed_by":"The Heart","ascension_level":20}