{"gold_per_floor":[114,128,53,53,63,63,113,133,133,133,143,143,153,171,171,243,243,253,253,33,48,66,66,77,105,105,105,55,75,101,115,115,194,194,214,232,232,75,92,92,106,132,158,158,174,174,174,192,192,192,192,192,192,67,95,95],"floor_reached":57,"playtime":5705,"items_purged":["Strike_B","Electrodynamics","Zap+1"],"score":2986,"play_id":"b09b323e-72fe-45bf-a4e4-709b98e98106","local_time":"20220115165916","is_ascension_mode":true,"campfire_choices":[{"data":"Beam Cell","floor":6,"key":"SMITH"},{"data":"Go for the Eyes","floor":10,"key":"SMITH"},{"data":"Zap","floor":12,"key":"SMITH"},{"data":"Sunder","floor":15,"key":"SMITH"},{"data":"Ghostly","floor":23,"key":"SMITH"},{"floor":27,"key":"REST"},{"data":"Ghostly","floor":32,"key":"SMITH"},{"data":"Reprogram","floor":40,"key":"SMITH"},{"floor":44,"key":"RECALL"},{"data":"Hologram","floor":47,"key":"SMITH"},{"data":"Hologram","floor":49,"key":"SMITH"},{"data":"Skim","floor":53,"key":"SMITH"}],"neow_cost":"NONE","seed_source_timestamp":619758318053100,"circlet_count":0,"master_deck":["AscendersBane","Dualcast","Go for the Eyes+1","Steam","Beam Cell+1","FTL","Scrape","Sunder+1","Core Surge","Conserve Battery","Reprogram","Reprogram+1","Meteor Strike+1","White Noise","Coolheaded","Steam","Ghostly+1","Ghostly+1","Ghostly+1","Coolheaded+1","Double Energy+1","BootSequence","Skim+1","Genetic Algorithm","Buffer","Skim+1","Hologram+1","Hologram","Stack+1","Hologram+1","Madness","Madness","Recycle","Meteor Strike"],"relics":["Runic Pyramid","StrikeDummy","Pandora\u0027s Box","Strange Spoon","Ice Cream","Regal Pillow","Centennial Puzzle","Nuclear Battery","Bottled Lightning","Lantern","Nunchaku"],"potions_floor_usage":[8,14,16,24,25,56],"damage_taken":[{"damage":8,"enemies":"2 Louse","floor":1,"turns":3},{"damage":2,"enemies":"Small Slimes","floor":2,"turns":3},{"damage":0,"enemies":"Cultist","floor":5,"turns":4},{"damage":8,"enemies":"Lots of Slimes","floor":8,"turns":4},{"damage":0,"enemies":"2 Fungi Beasts","floor":11,"turns":3},{"damage":3,"enemies":"3 Louse","floor":13,"turns":3},{"damage":2,"enemies":"Lots of Slimes","floor":14,"turns":4},{"damage":0,"enemies":"The Guardian","floor":16,"turns":9},{"damage":19,"enemies":"2 Thieves","floor":18,"turns":4},{"damage":5,"enemies":"Spheric Guardian","floor":21,"turns":4},{"damage":3,"enemies":"Snecko","floor":22,"turns":8},{"damage":12,"enemies":"Centurion and Healer","floor":24,"turns":6},{"damage":3,"enemies":"Slavers","floor":25,"turns":4},{"damage":6,"enemies":"Sentry and Sphere","floor":29,"turns":4},{"damage":0,"enemies":"Book of Stabbing","floor":30,"turns":5},{"damage":0,"enemies":"Snecko","floor":31,"turns":4},{"damage":0,"enemies":"Automaton","floor":33,"turns":10},{"damage":1,"enemies":"3 Darklings","floor":35,"turns":5},{"damage":0,"enemies":"3 Shapes","floor":36,"turns":6},{"damage":0,"enemies":"Transient","floor":39,"turns":6},{"damage":0,"enemies":"Sphere and 2 Shapes","floor":41,"turns":5},{"damage":0,"enemies":"Giant Head","floor":42,"turns":6},{"damage":0,"enemies":"Spire Growth","floor":45,"turns":6},{"damage":0,"enemies":"3 Darklings","floor":48,"turns":6},{"damage":5,"enemies":"Time Eater","floor":50,"turns":11},{"damage":2,"enemies":"Donu and Deca","floor":51,"turns":9},{"damage":0,"enemies":"Shield and Spear","floor":55,"turns":9},{"damage":23,"enemies":"The Heart","floor":56,"turns":9}],"seed_played":"-4845374834487559893","potions_obtained":[{"floor":2,"key":"LiquidMemories"},{"floor":5,"key":"PotionOfCapacity"},{"floor":11,"key":"EssenceOfSteel"},{"floor":13,"key":"SkillPotion"},{"floor":21,"key":"FocusPotion"},{"floor":29,"key":"FearPotion"},{"floor":30,"key":"AttackPotion"},{"floor":31,"key":"FairyPotion"},{"floor":42,"key":"Energy Potion"}],"is_trial":false,"path_per_floor":["M","M","$","?","M","R","?","M","T","R","M","R","M","M","R","B",null,"M","?","$","M","M","R","M","E","T","R","?","M","E","M","R","B",null,"M","M","?","$","M","R","M","E","T","R","M","?","R","M","R","B","B",null,"R","$","E","B",null],"character_chosen":"DEFECT","items_purchased":["Strange Spoon","Fire Potion","Hologram"],"campfire_rested":1,"item_purchase_floors":[20,20,38],"current_hp_per_floor":[56,54,54,28,28,28,28,20,20,20,20,20,17,15,15,15,57,38,35,35,30,27,27,15,12,12,35,35,29,29,29,29,29,34,33,33,33,33,33,33,33,33,33,33,33,27,27,27,27,22,20,31,31,31,31,8],"gold":95,"neow_bonus":"BOSS_RELIC","is_prod":false,"is_daily":false,"chose_seed":false,"campfire_upgraded":10,"win_rate":0,"timestamp":1642283956,"path_taken":["M","M","$","?","M","R","?","M","T","R","?","R","?","M","R","BOSS","M","?","$","M","M","R","M","E","T","R","?","M","E","?","R","BOSS","M","?","?","$","M","R","M","E","T","R","?","?","R","M","R","BOSS","BOSS","R","$","E","BOSS"],"build_version":"2020-12-22","purchased_purges":3,"victory":true,"max_hp_per_floor":[71,71,71,71,71,71,71,71,71,71,71,71,71,71,71,71,71,71,35,35,35,35,35,35,35,35,35,35,35,35,35,35,35,35,35,35,35,35,35,35,35,35,35,35,35,35,35,35,35,35,35,35,35,35,35,35],"relic_stats":{"Ice Cream":[643],"Strange Spoon":[118],"Regal Pillow":13,"Centennial Puzzle":[12],"Nunchaku":[4],"counters":[28,160],"Pandora\u0027s Box":["Conserve Battery","Reprogram","Reprogram","Meteor Strike","Electrodynamics","White Noise","Coolheaded"],"Bottled Lightning":"Ghostly","obtain_stats":[{"Ice Cream":25,"Strange Spoon":20,"Regal Pillow":26,"Centennial Puzzle":30,"Lantern":43,"Nunchaku":55,"Pandora\u0027s Box":17,"Bottled Lightning":42,"Cracked Core":0,"StrikeDummy":4,"Runic Pyramid":0,"Nuclear Battery":34},{"Ice Cream":13,"Strange Spoon":9,"Regal Pillow":13,"Centennial Puzzle":15,"Lantern":22,"Nunchaku":27,"Pandora\u0027s Box":8,"Bottled Lightning":22,"Cracked Core":0,"StrikeDummy":2,"Runic Pyramid":0,"Nuclear Battery":17},{"Ice Cream":59,"Strange Spoon":37,"Regal Pillow":59,"Centennial Puzzle":68,"Lantern":110,"Nunchaku":151,"Pandora\u0027s Box":33,"Bottled Lightning":110,"Cracked Core":0,"StrikeDummy":6,"Runic Pyramid":0,"Nuclear Battery":82}]},"card_choices":[{"not_picked":["Cold Snap","Hologram"],"picked":"Go for the Eyes","floor":1},{"not_picked":["Double Energy","Hello World"],"picked":"Steam","floor":2},{"not_picked":["Rebound","Turbo"],"picked":"Beam Cell","floor":5},{"not_picked":["Steam","Stack"],"picked":"FTL","floor":8},{"not_picked":["Machine Learning","Heatsinks"],"picked":"Scrape","floor":11},{"not_picked":["Sweeping Beam","Turbo","Loop"],"picked":"SKIP","floor":13},{"not_picked":["Streamline","Cold Snap"],"picked":"Sunder","floor":14},{"not_picked":["Echo Form","Rainbow"],"picked":"Core Surge","floor":16},{"not_picked":["Blizzard","Ball Lightning"],"picked":"Steam","floor":18},{"not_picked":["Coolheaded","Force Field","Redo"],"picked":"SKIP","floor":21},{"not_picked":["Lockon","Redo"],"picked":"Coolheaded+1","floor":22},{"not_picked":["Scrape","Go for the Eyes"],"picked":"Double Energy","floor":24},{"not_picked":["Go for the Eyes","Beam Cell+1"],"picked":"BootSequence","floor":25},{"not_picked":["White Noise","Tempest"],"picked":"Skim","floor":29},{"not_picked":["FTL","Doom and Gloom","Defragment"],"picked":"SKIP","floor":30},{"not_picked":["Turbo","Beam Cell+1"],"picked":"Genetic Algorithm","floor":31},{"not_picked":["Machine Learning","Electrodynamics"],"picked":"Buffer","floor":33},{"not_picked":["Redo+1","Barrage+1"],"picked":"Skim+1","floor":35},{"not_picked":["Rip and Tear","Aggregate"],"picked":"Hologram","floor":36},{"not_picked":["Sweeping Beam+1","Steam"],"picked":"Stack+1","floor":39},{"not_picked":["Beam Cell","Rip and Tear","Turbo"],"picked":"SKIP","floor":41},{"not_picked":["Beam Cell","Rip and Tear","Turbo"],"picked":"SKIP","floor":41},{"not_picked":["Conserve Battery+1","Stack"],"picked":"Hologram","floor":42},{"not_picked":["Cold Snap","Chaos+1","Lockon"],"picked":"SKIP","floor":45},{"not_picked":["Ball Lightning","Conserve Battery"],"picked":"Recycle","floor":48},{"not_picked":["Go for the Eyes","White Noise+1"],"picked":"Meteor Strike","floor":55}],"player_experience":5965389,"relics_obtained":[{"floor":25,"key":"Ice Cream"},{"floor":26,"key":"Regal Pillow"},{"floor":30,"key":"Centennial Puzzle"},{"floor":42,"key":"Bottled Lightning"},{"floor":43,"key":"Lantern"},{"floor":55,"key":"Nunchaku"}],"event_choices":[{"damage_healed":0,"gold_gain":0,"player_choice":"Success","damage_taken":26,"relics_obtained":["StrikeDummy"],"max_hp_gain":0,"max_hp_loss":0,"event_name":"Scrap Ooze","floor":4,"gold_loss":0},{"damage_healed":0,"gold_gain":50,"player_choice":"Pray","damage_taken":0,"max_hp_gain":0,"max_hp_loss":0,"event_name":"Golden Shrine","floor":7,"gold_loss":0},{"damage_healed":0,"gold_gain":0,"player_choice":"Became a Ghost","damage_taken":0,"max_hp_gain":0,"max_hp_loss":36,"event_name":"Ghosts","floor":19,"gold_loss":0,"cards_obtained":["Ghostly","Ghostly","Ghostly"]},{"damage_healed":0,"gold_gain":0,"player_choice":"Upgraded Two","damage_taken":0,"max_hp_gain":0,"max_hp_loss":0,"event_name":"Designer","floor":28,"gold_loss":50,"cards_upgraded":["Double Energy","Meteor Strike"]},{"damage_healed":0,"gold_gain":0,"player_choice":"Upgraded","damage_taken":0,"max_hp_gain":0,"max_hp_loss":0,"event_name":"Upgrade Shrine","floor":37,"gold_loss":0,"cards_upgraded":["Ghostly"]},{"damage_healed":0,"gold_gain":0,"player_choice":"Embrace Madness","damage_taken":6,"max_hp_gain":0,"max_hp_loss":0,"event_name":"Winding Halls","floor":46,"gold_loss":0,"cards_obtained":["Madness","Madness"]}],"is_beta":false,"boss_relics":[{"not_picked":["Snecko Eye","Philosopher\u0027s Stone"],"picked":"Pandora\u0027s Box"},{"not_picked":["Velvet Choker","SlaversCollar"],"picked":"Nuclear Battery"}],"items_purged_floors":[3,38,54],"is_endless":false,"potions_floor_spawned":[2,5,11,13,21,29,30,31,41,42,48],"ascension_level":20}