{"gold_per_floor":[110,125,141,10,10,10,37,37,37,57,92,110,125,50,50,143,143,166,191,210,249,249,249,249,249,249,39,57,93,93,117,117,207,207,223,236,33,54,122,157,157,180,180,218,218,252,277,277,277,277,277,277,277,29,72,72],"floor_reached":56,"playtime":5345,"items_purged":["Strike_B","Strike_B"],"score":2059,"play_id":"3829b511-40ae-43d1-8199-d4fd3437c734","local_time":"20220115151207","is_ascension_mode":true,"campfire_choices":[{"floor":6,"key":"REST"},{"data":"Sweeping Beam","floor":15,"key":"SMITH"},{"data":"Aggregate","floor":23,"key":"SMITH"},{"data":"Ghostly","floor":25,"key":"SMITH"},{"data":"Electrodynamics","floor":30,"key":"SMITH"},{"data":"Biased Cognition","floor":32,"key":"SMITH"},{"floor":41,"key":"RECALL"},{"data":"Heatsinks","floor":45,"key":"SMITH"},{"data":"Hologram","floor":49,"key":"SMITH"},{"data":"Ghostly","floor":53,"key":"SMITH"}],"neow_cost":"NONE","seed_source_timestamp":613708453438300,"circlet_count":0,"master_deck":["AscendersBane","Strike_B","Defend_B","Defend_B","Defend_B","Zap","Dualcast","Ball Lightning","Creative AI","Hologram+1","Sweeping Beam+1","Conserve Battery","Core Surge","Tempest","Reinforced Body","Thunder Strike","Aggregate+1","Tempest","Tempest","Ghostly+1","Ghostly+1","Ghostly","Reboot","Biased Cognition+1","Undo","Lockon","Electrodynamics+1","Electrodynamics","Skim+1","Storm","Stack","Heatsinks+1","Coolheaded+1","Dark Shackles","Purity","Static Discharge"],"relics":["Snecko Eye","Torii","Golden Idol","Dead Branch","Eternal Feather","SlaversCollar","Red Mask","Art of War","Cursed Key","Runic Capacitor","Girya","Bronze Scales","Smiling Mask","Toy Ornithopter","InkBottle"],"potions_floor_usage":[7,11,16,20,21,42,46,50,51,55,55,56],"damage_taken":[{"damage":10,"enemies":"2 Louse","floor":1,"turns":3},{"damage":2,"enemies":"Small Slimes","floor":2,"turns":3},{"damage":7,"enemies":"Cultist","floor":3,"turns":4},{"damage":45,"enemies":"Gremlin Nob","floor":7,"turns":5},{"damage":0,"enemies":"Exordium Wildlife","floor":10,"turns":3},{"damage":1,"enemies":"3 Sentries","floor":11,"turns":4},{"damage":0,"enemies":"2 Fungi Beasts","floor":12,"turns":2},{"damage":0,"enemies":"3 Louse","floor":13,"turns":1},{"damage":11,"enemies":"Hexaghost","floor":16,"turns":9},{"damage":1,"enemies":"Spheric Guardian","floor":18,"turns":3},{"damage":1,"enemies":"Chosen","floor":19,"turns":4},{"damage":21,"enemies":"Shelled Parasite and Fungi","floor":20,"turns":2},{"damage":28,"enemies":"Masked Bandits","floor":21,"turns":4},{"damage":3,"enemies":"Snake Plant","floor":28,"turns":3},{"damage":0,"enemies":"Gremlin Leader","floor":29,"turns":3},{"damage":0,"enemies":"Cultist and Chosen","floor":31,"turns":3},{"damage":2,"enemies":"Champ","floor":33,"turns":11},{"damage":1,"enemies":"3 Darklings","floor":35,"turns":2},{"damage":0,"enemies":"Orb Walker","floor":36,"turns":2},{"damage":0,"enemies":"Writhing Mass","floor":38,"turns":3},{"damage":0,"enemies":"2 Orb Walkers","floor":39,"turns":3},{"damage":0,"enemies":"Giant Head","floor":40,"turns":5},{"damage":21,"enemies":"Transient","floor":42,"turns":6},{"damage":6,"enemies":"Reptomancer","floor":44,"turns":4},{"damage":1,"enemies":"Nemesis","floor":46,"turns":4},{"damage":0,"enemies":"Spire Growth","floor":47,"turns":3},{"damage":1,"enemies":"Time Eater","floor":50,"turns":3},{"damage":9,"enemies":"Awakened One","floor":51,"turns":10},{"damage":17,"enemies":"Shield and Spear","floor":55,"turns":4},{"damage":77,"enemies":"The Heart","floor":56,"turns":2}],"seed_played":"7579644343643757357","potions_obtained":[{"floor":2,"key":"Weak Potion"},{"floor":7,"key":"PowerPotion"},{"floor":12,"key":"FocusPotion"},{"floor":13,"key":"FearPotion"},{"floor":19,"key":"Ancient Potion"},{"floor":29,"key":"Dexterity Potion"},{"floor":31,"key":"LiquidBronze"},{"floor":33,"key":"Energy Potion"},{"floor":42,"key":"LiquidMemories"},{"floor":44,"key":"Regen Potion"},{"floor":46,"key":"SpeedPotion"},{"floor":55,"key":"BlessingOfTheForge"}],"is_trial":false,"path_per_floor":["M","M","M","$","?","R","E","?","T","M","E","M","M","?","R","B",null,"M","M","M","?","?","R","?","R","T","$","M","E","R","M","R","B",null,"M","M","$","M","?","E","R","M","T","E","R","E","M","?","R","B","B",null,"R","$","E","B"],"character_chosen":"DEFECT","items_purchased":["Hologram","Biased Cognition","Undo","Runic Capacitor","Storm","SkillPotion","SteroidPotion","Static Discharge"],"campfire_rested":1,"item_purchase_floors":[4,27,27,37,37,54,54,54],"current_hp_per_floor":[54,52,45,45,45,66,21,21,21,21,20,20,20,20,29,18,53,52,51,30,2,2,14,14,26,26,26,23,23,32,32,32,30,32,31,31,31,31,31,31,32,11,11,5,23,32,32,22,32,32,23,30,32,32,20,0],"gold":72,"neow_bonus":"BOSS_RELIC","is_prod":false,"is_daily":false,"chose_seed":false,"campfire_upgraded":8,"win_rate":0,"timestamp":1642277527,"path_taken":["M","M","M","$","?","R","E","?","T","M","E","M","M","?","R","BOSS","M","M","M","?","?","R","?","R","T","$","M","E","R","M","R","BOSS","M","M","$","M","?","E","R","M","T","E","R","E","M","?","R","BOSS","BOSS","R","$","E","BOSS"],"build_version":"2020-12-22","purchased_purges":2,"victory":false,"max_hp_per_floor":[71,71,71,71,71,71,71,64,64,64,64,64,64,64,64,64,64,64,64,64,64,32,32,32,32,32,32,32,32,32,32,32,32,32,32,32,32,32,32,32,32,32,32,32,32,32,32,32,32,32,32,32,32,32,32,32],"relic_stats":{"Girya":0,"Torii":31,"counters":[30,118],"Golden Idol":195,"Dead Branch":[164],"Eternal Feather":73,"Cursed Key":0,"Smiling Mask":50,"Bronze Scales":[150],"Snecko Eye":[232,208,208,211,-265],"Art of War":[28],"obtain_stats":[{"Girya":39,"Torii":7,"Golden Idol":8,"Dead Branch":9,"Eternal Feather":11,"Runic Capacitor":37,"Cursed Key":34,"Smiling Mask":44,"SlaversCollar":17,"Bronze Scales":40,"Snecko Eye":0,"Red Mask":21,"Art of War":29,"Cracked Core":0,"Toy Ornithopter":46,"InkBottle":55},{"Girya":21,"Torii":4,"Golden Idol":4,"Dead Branch":4,"Eternal Feather":6,"Runic Capacitor":19,"Cursed Key":17,"Smiling Mask":24,"SlaversCollar":9,"Bronze Scales":22,"Snecko Eye":0,"Red Mask":13,"Art of War":15,"Cracked Core":0,"Toy Ornithopter":25,"InkBottle":29},{"Girya":77,"Torii":15,"Golden Idol":15,"Dead Branch":15,"Eternal Feather":22,"Runic Capacitor":71,"Cursed Key":67,"Smiling Mask":92,"SlaversCollar":34,"Bronze Scales":82,"Snecko Eye":0,"Red Mask":47,"Art of War":53,"Cracked Core":0,"Toy Ornithopter":96,"InkBottle":116}],"Toy Ornithopter":11,"InkBottle":[1]},"card_choices":[{"not_picked":["Cold Snap","Melter"],"picked":"Ball Lightning","floor":1},{"not_picked":["Chaos","Beam Cell","Reprogram"],"picked":"SKIP","floor":2},{"not_picked":["Turbo","Coolheaded"],"picked":"Creative AI","floor":3},{"not_picked":["Barrage","Steam"],"picked":"Sweeping Beam","floor":7},{"not_picked":["Gash","Auto Shields"],"picked":"Conserve Battery","floor":10},{"not_picked":["Hologram","Go for the Eyes"],"picked":"Core Surge","floor":11},{"not_picked":["Ball Lightning","Rebound"],"picked":"Tempest","floor":12},{"not_picked":["Self Repair","Coolheaded"],"picked":"Reinforced Body","floor":13},{"not_picked":["Core Surge","Amplify"],"picked":"Thunder Strike","floor":16},{"not_picked":["Turbo","Compile Driver"],"picked":"Aggregate","floor":18},{"not_picked":["Capacitor","Genetic Algorithm"],"picked":"Tempest","floor":19},{"not_picked":["Sweeping Beam","Beam Cell"],"picked":"Tempest","floor":20},{"not_picked":["Conserve Battery","Go for the Eyes"],"picked":"Lockon","floor":28},{"not_picked":["Beam Cell","Lockon"],"picked":"Electrodynamics","floor":29},{"not_picked":["Barrage","Blizzard","Beam Cell"],"picked":"SKIP","floor":31},{"not_picked":["Core Surge","Amplify"],"picked":"Electrodynamics","floor":33},{"not_picked":["Leap+1","Compile Driver","Sweeping Beam+1"],"picked":"SKIP","floor":35},{"not_picked":["Fusion","Ball Lightning"],"picked":"Skim+1","floor":36},{"not_picked":["Stack","Scrape","Loop"],"picked":"SKIP","floor":38},{"not_picked":["Ball Lightning","Beam Cell"],"picked":"Stack","floor":40},{"not_picked":["Beam Cell","Cold Snap"],"picked":"Heatsinks","floor":42},{"not_picked":["Ball Lightning+1","Rebound+1","Streamline"],"picked":"SKIP","floor":44},{"not_picked":["FTL+1","Self Repair","Fission"],"picked":"SKIP","floor":46},{"not_picked":["FTL+1","Self Repair","Fission"],"picked":"SKIP","floor":46},{"not_picked":["Chill","Turbo+1"],"picked":"Coolheaded+1","floor":47},{"not_picked":["Flash of Steel","Blind"],"picked":"Dark Shackles","floor":48},{"not_picked":["Finesse","Violence"],"picked":"Purity","floor":48},{"not_picked":["Beam Cell","Leap","Rebound+1"],"picked":"SKIP","floor":55}],"player_experience":5960044,"relics_obtained":[{"floor":7,"key":"Torii"},{"floor":9,"key":"Dead Branch"},{"floor":11,"key":"Eternal Feather"},{"floor":21,"key":"Red Mask"},{"floor":29,"key":"Art of War"},{"floor":39,"key":"Girya"},{"floor":40,"key":"Bronze Scales"},{"floor":44,"key":"Smiling Mask"},{"floor":46,"key":"Toy Ornithopter"},{"floor":55,"key":"InkBottle"}],"event_choices":[{"damage_healed":0,"gold_gain":0,"player_choice":"Ignored","damage_taken":0,"max_hp_gain":0,"max_hp_loss":0,"event_name":"Shining Light","floor":5,"gold_loss":0},{"damage_healed":0,"gold_gain":0,"player_choice":"Lose Max HP","damage_taken":0,"relics_obtained":["Golden Idol"],"max_hp_gain":0,"max_hp_loss":7,"event_name":"Golden Idol","floor":8,"gold_loss":0},{"cards_removed":["Strike_B"],"damage_healed":0,"gold_gain":0,"player_choice":"Card Removal","damage_taken":0,"max_hp_gain":0,"max_hp_loss":0,"event_name":"The Cleric","floor":14,"gold_loss":75},{"damage_healed":0,"gold_gain":0,"player_choice":"Fought Bandits","damage_taken":0,"max_hp_gain":0,"max_hp_loss":0,"event_name":"Masked Bandits","floor":21,"gold_loss":0},{"damage_healed":0,"gold_gain":0,"player_choice":"Became a Ghost","damage_taken":0,"max_hp_gain":0,"max_hp_loss":32,"event_name":"Ghosts","floor":22,"gold_loss":0,"cards_obtained":["Ghostly","Ghostly","Ghostly"]},{"damage_healed":0,"gold_gain":0,"cards_transformed":["Defend_B"],"player_choice":"Transformed","damage_taken":0,"max_hp_gain":0,"max_hp_loss":0,"event_name":"Transmorgrifier","floor":24,"gold_loss":0,"cards_obtained":["Reboot"]},{"damage_healed":0,"gold_gain":0,"player_choice":"Fight","damage_taken":0,"max_hp_gain":0,"max_hp_loss":0,"event_name":"Mysterious Sphere","floor":39,"gold_loss":0},{"damage_healed":0,"gold_gain":0,"player_choice":"Memory 3","damage_taken":10,"max_hp_gain":0,"max_hp_loss":0,"event_name":"SensoryStone","floor":48,"gold_loss":0}],"is_beta":false,"boss_relics":[{"not_picked":["Runic Pyramid","Velvet Choker"],"picked":"SlaversCollar"},{"not_picked":["Tiny House","Sozu"],"picked":"Cursed Key"}],"items_purged_floors":[4,54],"is_endless":false,"potions_floor_spawned":[2,7,12,13,19,29,31,33,35,42,44,46,55],"killed_by":"The Heart","ascension_level":20}