{"gold_per_floor":[109,109,121,10,10,10,40,40,40,50,68,68,97,97,97,172,172,184,197,122,139,23,23,56,56,111,111,136,149,149,179,179,256,256,269,279,304,319,48,48,75,88,88,88,38,64,82,97,97,97,97,97,97,17,49,49],"floor_reached":57,"playtime":5957,"items_purged":["Strike_B","Zap","Pain"],"score":2866,"play_id":"d73b3b21-f8e3-4254-953b-ac7f2297d986","local_time":"20220119174506","is_ascension_mode":true,"campfire_choices":[{"data":"Cold Snap","floor":6,"key":"SMITH"},{"data":"White Noise","floor":8,"key":"SMITH"},{"data":"Steam Power","floor":12,"key":"SMITH"},{"data":"Sweeping Beam","floor":15,"key":"SMITH"},{"data":"Defragment","floor":23,"key":"SMITH"},{"data":"Electrodynamics","floor":27,"key":"SMITH"},{"data":"Go for the Eyes","floor":32,"key":"SMITH"},{"floor":40,"key":"RECALL"},{"data":"Recycle","floor":49,"key":"SMITH"},{"data":"Hologram","floor":53,"key":"SMITH"}],"neow_cost":"PERCENT_DAMAGE","seed_source_timestamp":53478971958300,"circlet_count":0,"master_deck":["AscendersBane","Defend_B","Defend_B","Defend_B","Defend_B","Zap","Dualcast","Steam Power+1","Force Field","Coolheaded","Static Discharge+1","Cold Snap+1","White Noise+1","Echo Form","Sweeping Beam+1","Electrodynamics+1","CurseOfTheBell","Defragment+1","White Noise","Loop+1","Force Field","Aggregate","Steam","Force Field","Chaos+1","Go for the Eyes+1","Chill+1","Reboot","Hologram+1","Tempest+1","Coolheaded","Recycle+1","Hologram+1","Coolheaded+1"],"relics":["Cracked Core","FossilizedHelix","Prayer Wheel","Sundial","Calling Bell","Anchor","Letter Opener","CaptainsWheel","Whetstone","Centennial Puzzle","Smiling Mask","Red Mask","Cursed Key","Unceasing Top","Medical Kit","Orichalcum","Bag of Marbles","Mummified Hand"],"potions_floor_usage":[7,19,28,31,42,50,55,56,56],"damage_taken":[{"damage":0,"enemies":"2 Louse","floor":1,"turns":2},{"damage":0,"enemies":"Cultist","floor":3,"turns":4},{"damage":4,"enemies":"Lagavulin","floor":7,"turns":7},{"damage":0,"enemies":"Jaw Worm","floor":10,"turns":4},{"damage":0,"enemies":"Large Slime","floor":11,"turns":6},{"damage":14,"enemies":"3 Sentries","floor":13,"turns":6},{"damage":9,"enemies":"Slime Boss","floor":16,"turns":10},{"damage":1,"enemies":"Spheric Guardian","floor":18,"turns":5},{"damage":0,"enemies":"Chosen","floor":19,"turns":6},{"damage":11,"enemies":"Shelled Parasite and Fungi","floor":21,"turns":5},{"damage":13,"enemies":"Slavers","floor":24,"turns":2},{"damage":7,"enemies":"Book of Stabbing","floor":28,"turns":6},{"damage":0,"enemies":"Centurion and Healer","floor":29,"turns":4},{"damage":0,"enemies":"Masked Bandits","floor":31,"turns":4},{"damage":0,"enemies":"Champ","floor":33,"turns":10},{"damage":0,"enemies":"3 Shapes","floor":35,"turns":4},{"damage":0,"enemies":"3 Darklings","floor":36,"turns":1},{"damage":6,"enemies":"Mind Bloom Boss Battle","floor":37,"turns":8},{"damage":0,"enemies":"Jaw Worm Horde","floor":38,"turns":4},{"damage":0,"enemies":"Giant Head","floor":41,"turns":6},{"damage":0,"enemies":"Transient","floor":42,"turns":6},{"damage":0,"enemies":"Reptomancer","floor":46,"turns":6},{"damage":0,"enemies":"3 Darklings","floor":47,"turns":4},{"damage":0,"enemies":"Sphere and 2 Shapes","floor":48,"turns":3},{"damage":17,"enemies":"Awakened One","floor":50,"turns":16},{"damage":9,"enemies":"Time Eater","floor":51,"turns":11},{"damage":11,"enemies":"Shield and Spear","floor":55,"turns":11},{"damage":20,"enemies":"The Heart","floor":56,"turns":11}],"seed_played":"8801393160508904889","potions_obtained":[{"floor":11,"key":"Block Potion"},{"floor":13,"key":"AttackPotion"},{"floor":18,"key":"Block Potion"},{"floor":19,"key":"PowerPotion"},{"floor":24,"key":"PotionOfCapacity"},{"floor":28,"key":"Fire Potion"},{"floor":31,"key":"PotionOfCapacity"},{"floor":35,"key":"BlessingOfTheForge"},{"floor":37,"key":"Fruit Juice"},{"floor":42,"key":"PowerPotion"},{"floor":55,"key":"EssenceOfDarkness"}],"is_trial":false,"path_per_floor":["M","?","M","$","?","R","E","R","T","M","M","R","E","?","R","B",null,"M","M","?","M","$","R","E","?","T","R","E","M","?","?","R","B",null,"M","M","?","M","$","R","E","M","T","?","$","E","M","M","R","B","B",null,"R","$","E","B",null],"character_chosen":"DEFECT","items_purchased":["FocusPotion","Cold Snap","Aggregate","Medical Kit","Coolheaded","GamblersBrew"],"campfire_rested":0,"item_purchase_floors":[4,4,22,39,39,54],"current_hp_per_floor":[46,69,69,69,69,69,65,65,65,65,65,65,51,51,51,42,64,63,63,63,52,52,52,39,39,39,39,32,32,32,32,32,32,61,61,61,55,55,55,55,55,60,60,60,60,60,60,60,60,43,34,66,66,66,55,35],"gold":49,"neow_bonus":"TRANSFORM_TWO_CARDS","is_prod":false,"is_daily":false,"chose_seed":false,"campfire_upgraded":9,"win_rate":0,"timestamp":1642632306,"path_taken":["M","?","M","$","?","R","E","R","T","M","?","R","E","?","R","BOSS","M","M","?","M","$","R","E","?","T","R","E","?","?","?","R","BOSS","M","M","?","M","$","R","E","M","T","?","$","E","M","M","R","BOSS","BOSS","R","$","E","BOSS"],"build_version":"2020-12-22","purchased_purges":3,"victory":true,"max_hp_per_floor":[71,71,71,71,71,71,71,71,71,71,71,71,71,71,71,71,71,71,71,71,71,71,71,71,71,71,71,71,71,71,71,71,71,71,71,71,71,71,71,71,71,76,76,76,76,76,76,76,76,76,76,76,76,76,76,76],"relic_stats":{"counters":[28,170],"Letter Opener":[948],"Whetstone":[],"Orichalcum":[30],"Smiling Mask":125,"Cursed Key":1,"Medical Kit":[57],"Centennial Puzzle":[18],"Sundial":[88],"Mummified Hand":[17],"Prayer Wheel":12,"obtain_stats":[{"Letter Opener":17,"Whetstone":24,"Orichalcum":41,"Smiling Mask":28,"Cursed Key":34,"Medical Kit":39,"Calling Bell":17,"Anchor":17,"CaptainsWheel":17,"Centennial Puzzle":26,"Sundial":13,"Mummified Hand":55,"Prayer Wheel":9,"Red Mask":31,"Bag of Marbles":46,"Cracked Core":0,"FossilizedHelix":7,"Unceasing Top":37},{"Letter Opener":7,"Whetstone":11,"Orichalcum":20,"Smiling Mask":12,"Cursed Key":15,"Medical Kit":19,"Calling Bell":7,"Anchor":7,"CaptainsWheel":7,"Centennial Puzzle":11,"Sundial":6,"Mummified Hand":27,"Prayer Wheel":3,"Red Mask":14,"Bag of Marbles":22,"Cracked Core":0,"FossilizedHelix":3,"Unceasing Top":18},{"Letter Opener":39,"Whetstone":57,"Orichalcum":102,"Smiling Mask":62,"Cursed Key":79,"Medical Kit":96,"Calling Bell":39,"Anchor":39,"CaptainsWheel":39,"Centennial Puzzle":57,"Sundial":29,"Mummified Hand":159,"Prayer Wheel":13,"Red Mask":70,"Bag of Marbles":114,"Cracked Core":0,"FossilizedHelix":13,"Unceasing Top":92}],"FossilizedHelix":[256],"Unceasing Top":[31]},"card_choices":[{"not_picked":["Stack","Conserve Battery"],"picked":"Coolheaded","floor":1},{"not_picked":["Scrape","Coolheaded"],"picked":"Static Discharge","floor":3},{"not_picked":["Aggregate","Rebound"],"picked":"White Noise","floor":7},{"not_picked":["White Noise","Turbo"],"picked":"Echo Form","floor":10},{"not_picked":["Conserve Battery","Coolheaded","Melter"],"picked":"SKIP","floor":10},{"not_picked":["Sunder","Fusion","BootSequence"],"picked":"SKIP","floor":11},{"not_picked":["Double Energy","Stack","Ball Lightning"],"picked":"SKIP","floor":11},{"not_picked":["Streamline","Gash"],"picked":"Sweeping Beam","floor":13},{"not_picked":["Buffer","All For One"],"picked":"Electrodynamics","floor":16},{"not_picked":["Beam Cell","Steam Power"],"picked":"Defragment","floor":18},{"not_picked":["Barrage","Ball Lightning","Streamline"],"picked":"SKIP","floor":18},{"not_picked":["Streamline","Rebound+1"],"picked":"White Noise","floor":19},{"not_picked":["Gash","Hyperbeam"],"picked":"Loop+1","floor":19},{"not_picked":["Conserve Battery","Ball Lightning"],"picked":"Force Field","floor":21},{"not_picked":["Lockon","Steam","Ball Lightning"],"picked":"SKIP","floor":21},{"not_picked":["Aggregate","Darkness","Ball Lightning"],"picked":"SKIP","floor":24},{"not_picked":["Lockon","Sweeping Beam"],"picked":"Force Field","floor":28},{"not_picked":["Leap","Gash"],"picked":"Chaos+1","floor":29},{"not_picked":["Go for the Eyes","Compile Driver+1","Blizzard"],"picked":"SKIP","floor":29},{"not_picked":["Go for the Eyes","Compile Driver+1","Blizzard"],"picked":"SKIP","floor":29},{"not_picked":["Compile Driver+1","Blizzard"],"picked":"Go for the Eyes","floor":29},{"not_picked":["Leap","Undo"],"picked":"Chill+1","floor":31},{"not_picked":["All For One","Creative AI"],"picked":"Reboot","floor":33},{"not_picked":["Leap+1","Conserve Battery+1"],"picked":"Hologram","floor":35},{"not_picked":["Capacitor","Leap","Fusion"],"picked":"SKIP","floor":35},{"not_picked":["Cold Snap+1","Lockon","Leap"],"picked":"SKIP","floor":36},{"not_picked":["Barrage","Tempest","Genetic Algorithm"],"picked":"SKIP","floor":36},{"not_picked":["Cold Snap+1","Lockon","Leap"],"picked":"SKIP","floor":36},{"not_picked":["Barrage","Tempest","Genetic Algorithm"],"picked":"SKIP","floor":36},{"not_picked":["Redo","Gash"],"picked":"Tempest+1","floor":37},{"not_picked":["Streamline","Sweeping Beam","Barrage"],"picked":"SKIP","floor":38},{"not_picked":["Blizzard+1","Melter","Fusion"],"picked":"SKIP","floor":38},{"not_picked":["Compile Driver","FTL"],"picked":"Recycle","floor":41},{"not_picked":["Echo Form","Loop"],"picked":"Hologram+1","floor":42},{"not_picked":["Streamline","BootSequence","Genetic Algorithm"],"picked":"SKIP","floor":42},{"not_picked":["White Noise","Cold Snap"],"picked":"Coolheaded+1","floor":46},{"not_picked":["Compile Driver","Genetic Algorithm","Steam"],"picked":"SKIP","floor":47},{"not_picked":["Sweeping Beam","Rebound+1","Reprogram+1"],"picked":"SKIP","floor":47},{"not_picked":["Streamline+1","Darkness","Conserve Battery"],"picked":"SKIP","floor":48},{"not_picked":["Static Discharge","FTL","Gash"],"picked":"SKIP","floor":48},{"not_picked":["Lockon","BootSequence","Rip and Tear"],"picked":"SKIP","floor":55}],"player_experience":5994162,"relics_obtained":[{"floor":7,"key":"FossilizedHelix"},{"floor":9,"key":"Prayer Wheel"},{"floor":13,"key":"Sundial"},{"floor":17,"key":"Anchor"},{"floor":17,"key":"Letter Opener"},{"floor":17,"key":"CaptainsWheel"},{"floor":24,"key":"Whetstone"},{"floor":26,"key":"Centennial Puzzle"},{"floor":28,"key":"Smiling Mask"},{"floor":31,"key":"Red Mask"},{"floor":37,"key":"Unceasing Top"},{"floor":41,"key":"Orichalcum"},{"floor":46,"key":"Bag of Marbles"},{"floor":55,"key":"Mummified Hand"}],"event_choices":[{"damage_healed":23,"gold_gain":0,"player_choice":"Banana","damage_taken":0,"max_hp_gain":0,"max_hp_loss":0,"event_name":"Big Fish","floor":2,"gold_loss":0},{"damage_healed":0,"gold_gain":0,"player_choice":"Forge","damage_taken":0,"max_hp_gain":0,"max_hp_loss":0,"event_name":"Accursed Blacksmith","floor":5,"gold_loss":0,"cards_upgraded":["Static Discharge"]},{"damage_healed":0,"gold_gain":0,"player_choice":"Ignored","damage_taken":0,"max_hp_gain":0,"max_hp_loss":0,"event_name":"Liars Game","floor":14,"gold_loss":0},{"cards_removed":["Strike_B"],"damage_healed":0,"gold_gain":0,"player_choice":"Gave Gold","damage_taken":0,"max_hp_gain":0,"max_hp_loss":0,"event_name":"Beggar","floor":20,"gold_loss":75},{"damage_healed":0,"gold_gain":0,"player_choice":"2 cards matched","damage_taken":0,"max_hp_gain":0,"max_hp_loss":0,"event_name":"Match and Keep!","floor":25,"gold_loss":0,"cards_obtained":["Zap","Steam"]},{"damage_healed":0,"gold_gain":0,"player_choice":"Ignored","damage_taken":0,"max_hp_gain":0,"max_hp_loss":0,"event_name":"The Mausoleum","floor":30,"gold_loss":0},{"damage_healed":0,"gold_gain":0,"player_choice":"Fought Bandits","damage_taken":0,"max_hp_gain":0,"max_hp_loss":0,"event_name":"Masked Bandits","floor":31,"gold_loss":0},{"damage_healed":0,"gold_gain":0,"player_choice":"Fight","damage_taken":0,"max_hp_gain":0,"max_hp_loss":0,"event_name":"MindBloom","floor":37,"gold_loss":0},{"damage_healed":0,"gold_gain":0,"player_choice":"Ignored","damage_taken":0,"max_hp_gain":0,"max_hp_loss":0,"event_name":"Mysterious Sphere","floor":44,"gold_loss":0}],"is_beta":false,"boss_relics":[{"not_picked":["FrozenCore","Nuclear Battery"],"picked":"Calling Bell"},{"not_picked":["SacredBark","Black Star"],"picked":"Cursed Key"}],"items_purged_floors":[22,39,45],"is_endless":false,"potions_floor_spawned":[11,13,18,19,24,28,31,35,37,42,46,48,55],"ascension_level":20}