{"gold_per_floor":[10,25,25,44,44,44,76,76,122,141,170,182,182,217,217,294,294,308,327,342,257,13,41,41,41,41,41,53,71,97,115,115,190,190,207,226,245,91,110,110,138,138,138,138,163,181,211,223,223,223,223,223,223,19,54,54],"floor_reached":57,"playtime":5677,"items_purged":["Zap","Defend_B","Defend_B"],"score":2898,"play_id":"6c5cc1eb-8c3d-4fb5-9c13-2176d357e886","local_time":"20220121173104","is_ascension_mode":true,"campfire_choices":[{"data":"Sunder","floor":6,"key":"SMITH"},{"data":"Streamline","floor":8,"key":"SMITH"},{"data":"Beam Cell","floor":15,"key":"SMITH"},{"data":"Reboot","floor":25,"key":"SMITH"},{"data":"White Noise","floor":27,"key":"SMITH"},{"data":"Creative AI","floor":32,"key":"SMITH"},{"floor":40,"key":"RECALL"},{"data":"Hologram","floor":44,"key":"SMITH"},{"data":"Go for the Eyes","floor":49,"key":"SMITH"},{"data":"Hologram","floor":53,"key":"SMITH"}],"neow_cost":"NO_GOLD","seed_source_timestamp":225725344227600,"circlet_count":0,"master_deck":["AscendersBane","Defend_B","Dualcast","Streamline+1","Sunder+1","Undo","Cold Snap","Reboot+1","Go for the Eyes+1","Beam Cell+1","White Noise+1","Creative AI+1","Barrage+1","Capacitor+1","Skim+1","Reinforced Body+1","Hologram+1","Cold Snap","Core Surge","Coolheaded","Self Repair+1","Turbo+1","Hologram+1","Biased Cognition+1","Coolheaded+1","Reinforced Body","Undo","Aggregate","Consume+1","Glacier","Heatsinks+1"],"relics":["Cracked Core","Bird Faced Urn","Happy Flower","Toy Ornithopter","Bottled Lightning","Pocketwatch","Centennial Puzzle","Astrolabe","Bronze Scales","Orrery","Frozen Egg 2","InkBottle","Bag of Marbles","Coffee Dripper","HornCleat","Emotion Chip","StoneCalendar","Bag of Preparation"],"potions_floor_usage":[7,14,30,56],"damage_taken":[{"damage":9,"enemies":"Jaw Worm","floor":1,"turns":4},{"damage":0,"enemies":"2 Louse","floor":2,"turns":2},{"damage":0,"enemies":"Cultist","floor":4,"turns":2},{"damage":7,"enemies":"Gremlin Nob","floor":7,"turns":4},{"damage":0,"enemies":"Large Slime","floor":10,"turns":4},{"damage":16,"enemies":"3 Sentries","floor":11,"turns":7},{"damage":0,"enemies":"2 Fungi Beasts","floor":12,"turns":2},{"damage":0,"enemies":"Lagavulin","floor":14,"turns":3},{"damage":0,"enemies":"Slime Boss","floor":16,"turns":7},{"damage":40,"enemies":"Chosen","floor":18,"turns":16},{"damage":21,"enemies":"3 Byrds","floor":19,"turns":11},{"damage":28,"enemies":"Cultist and Chosen","floor":20,"turns":16},{"damage":13,"enemies":"Gremlin Leader","floor":23,"turns":5},{"damage":12,"enemies":"Snecko","floor":28,"turns":6},{"damage":11,"enemies":"Snake Plant","floor":29,"turns":3},{"damage":4,"enemies":"Slavers","floor":30,"turns":3},{"damage":1,"enemies":"3 Cultists","floor":31,"turns":3},{"damage":6,"enemies":"Champ","floor":33,"turns":15},{"damage":0,"enemies":"Orb Walker","floor":35,"turns":2},{"damage":0,"enemies":"3 Darklings","floor":36,"turns":1},{"damage":0,"enemies":"Writhing Mass","floor":37,"turns":11},{"damage":2,"enemies":"4 Shapes","floor":39,"turns":5},{"damage":0,"enemies":"Giant Head","floor":41,"turns":8},{"damage":0,"enemies":"Mind Bloom Boss Battle","floor":45,"turns":6},{"damage":0,"enemies":"Sphere and 2 Shapes","floor":46,"turns":4},{"damage":2,"enemies":"Nemesis","floor":47,"turns":7},{"damage":0,"enemies":"Spire Growth","floor":48,"turns":2},{"damage":5,"enemies":"Awakened One","floor":50,"turns":16},{"damage":11,"enemies":"Donu and Deca","floor":51,"turns":9},{"damage":12,"enemies":"Shield and Spear","floor":55,"turns":7},{"damage":37,"enemies":"The Heart","floor":56,"turns":8}],"seed_played":"3459599124723104767","potions_obtained":[{"floor":2,"key":"Block Potion"},{"floor":10,"key":"Weak Potion"},{"floor":11,"key":"DistilledChaos"},{"floor":16,"key":"SkillPotion"},{"floor":18,"key":"DuplicationPotion"},{"floor":23,"key":"Weak Potion"},{"floor":30,"key":"SneckoOil"},{"floor":31,"key":"LiquidMemories"},{"floor":33,"key":"PowerPotion"},{"floor":37,"key":"PowerPotion"}],"is_trial":false,"path_per_floor":["M","M","?","M","?","R","E","R","T","M","E","M","?","E","R","B",null,"M","M","M","?","$","E","?","R","T","R","M","M","E","M","R","B",null,"M","M","M","$","M","R","E","?","T","R","?","M","E","M","R","B","B",null,"R","$","E","B",null],"character_chosen":"DEFECT","items_purchased":["Orrery","FocusPotion","Heatsinks+1"],"campfire_rested":0,"item_purchase_floors":[22,38,54],"current_hp_per_floor":[55,55,55,55,55,55,48,48,48,48,32,32,14,21,21,23,59,71,71,71,71,71,60,60,60,60,60,71,70,71,71,71,71,71,71,71,71,71,71,71,71,71,71,71,71,71,71,71,71,71,71,71,71,71,71,71],"gold":54,"neow_bonus":"ONE_RARE_RELIC","is_prod":false,"is_daily":false,"chose_seed":false,"campfire_upgraded":9,"win_rate":0,"timestamp":1642804264,"path_taken":["M","M","?","M","?","R","E","R","T","?","E","M","?","E","R","BOSS","M","M","M","?","$","E","?","R","T","R","M","?","E","M","R","BOSS","M","M","?","$","M","R","E","?","T","R","?","?","E","M","R","BOSS","BOSS","R","$","E","BOSS"],"build_version":"2020-12-22","purchased_purges":3,"victory":true,"max_hp_per_floor":[71,71,71,71,71,71,71,71,71,71,71,71,71,71,71,71,71,71,71,71,71,71,71,71,71,71,71,71,71,71,71,71,71,71,71,71,71,71,71,71,71,71,71,71,71,71,71,71,71,71,71,71,71,71,71,71],"relic_stats":{"Happy Flower":[62],"counters":[31,199],"Astrolabe":["Barrage","Capacitor","Skim"],"StoneCalendar":[229],"Bag of Preparation":[2],"Centennial Puzzle":[45],"Emotion Chip":[19,5,14,0,0],"Bird Faced Urn":[193],"Bronze Scales":[450],"Bottled Lightning":"Reboot","obtain_stats":[{"Happy Flower":7,"Astrolabe":17,"StoneCalendar":47,"Bag of Preparation":55,"Frozen Egg 2":23,"Centennial Puzzle":14,"Emotion Chip":45,"HornCleat":41,"Bird Faced Urn":0,"Bronze Scales":21,"Orrery":22,"Bag of Marbles":30,"Coffee Dripper":34,"Bottled Lightning":11,"Cracked Core":0,"Toy Ornithopter":9,"InkBottle":26,"Pocketwatch":13},{"Happy Flower":4,"Astrolabe":9,"StoneCalendar":26,"Bag of Preparation":30,"Frozen Egg 2":13,"Centennial Puzzle":8,"Emotion Chip":24,"HornCleat":23,"Bird Faced Urn":0,"Bronze Scales":12,"Orrery":12,"Bag of Marbles":16,"Coffee Dripper":18,"Bottled Lightning":6,"Cracked Core":0,"Toy Ornithopter":4,"InkBottle":13,"Pocketwatch":7},{"Happy Flower":12,"Astrolabe":35,"StoneCalendar":157,"Bag of Preparation":191,"Frozen Egg 2":83,"Centennial Puzzle":28,"Emotion Chip":146,"HornCleat":140,"Bird Faced Urn":0,"Bronze Scales":78,"Orrery":78,"Bag of Marbles":95,"Coffee Dripper":113,"Bottled Lightning":23,"Cracked Core":0,"Toy Ornithopter":12,"InkBottle":83,"Pocketwatch":25}],"Toy Ornithopter":10,"InkBottle":[54],"Pocketwatch":[168]},"card_choices":[{"not_picked":["Turbo","Conserve Battery"],"picked":"Streamline","floor":1},{"not_picked":["Double Energy","Stack"],"picked":"Sunder","floor":2},{"not_picked":["Stack","Scrape"],"picked":"Cold Snap","floor":4},{"not_picked":["Steam","Lockon"],"picked":"Reboot","floor":7},{"not_picked":["Conserve Battery","Steam"],"picked":"Go for the Eyes","floor":10},{"not_picked":["Loop","Rebound"],"picked":"Beam Cell","floor":11},{"not_picked":["FTL","Auto Shields"],"picked":"White Noise","floor":12},{"not_picked":["Blizzard","Auto Shields","Rip and Tear"],"picked":"SKIP","floor":14},{"not_picked":["Machine Learning","Echo Form"],"picked":"Creative AI","floor":16},{"not_picked":["Beam Cell","Barrage"],"picked":"Reinforced Body+1","floor":18},{"not_picked":["Loop","Sweeping Beam+1","Static Discharge"],"picked":"SKIP","floor":19},{"not_picked":["Conserve Battery","FTL"],"picked":"Hologram","floor":20},{"not_picked":["Tempest","Steam"],"picked":"Cold Snap","floor":22},{"not_picked":["Cold Snap","Stack"],"picked":"Core Surge","floor":22},{"not_picked":["Sweeping Beam","Turbo"],"picked":"Coolheaded","floor":22},{"not_picked":["Rebound","Stack","Gash"],"picked":"SKIP","floor":23},{"not_picked":["Stack","Sweeping Beam"],"picked":"Turbo+1","floor":28},{"not_picked":["Blizzard","Conserve Battery"],"picked":"Hologram","floor":29},{"not_picked":["Tempest","Genetic Algorithm","Go for the Eyes+1"],"picked":"SKIP","floor":30},{"not_picked":["FTL","Darkness","Self Repair+1"],"picked":"SKIP","floor":31},{"not_picked":["Amplify","Rainbow"],"picked":"Biased Cognition+1","floor":33},{"not_picked":["Barrage","Compile Driver","Streamline"],"picked":"SKIP","floor":35},{"not_picked":["Beam Cell","Barrage"],"picked":"Coolheaded+1","floor":36},{"not_picked":["Beam Cell+1","Go for the Eyes"],"picked":"Reinforced Body","floor":37},{"not_picked":["Storm+1","Barrage"],"picked":"Undo","floor":39},{"not_picked":["Stack+1","Hologram","Genetic Algorithm+1"],"picked":"SKIP","floor":41},{"not_picked":["Leap","Steam Power"],"picked":"Aggregate","floor":45},{"not_picked":["Streamline","Stack"],"picked":"Consume+1","floor":46},{"not_picked":["Steam Power","Fission"],"picked":"Glacier","floor":47},{"not_picked":["Cold Snap+1","Sunder","Stack+1"],"picked":"SKIP","floor":48},{"not_picked":["Rebound","Genetic Algorithm+1","Sweeping Beam"],"picked":"SKIP","floor":55}],"player_experience":6019585,"relics_obtained":[{"floor":7,"key":"Happy Flower"},{"floor":9,"key":"Toy Ornithopter"},{"floor":11,"key":"Bottled Lightning"},{"floor":14,"key":"Centennial Puzzle"},{"floor":23,"key":"Frozen Egg 2"},{"floor":26,"key":"InkBottle"},{"floor":30,"key":"Bag of Marbles"},{"floor":41,"key":"HornCleat"},{"floor":45,"key":"Emotion Chip"},{"floor":47,"key":"StoneCalendar"},{"floor":55,"key":"Bag of Preparation"}],"event_choices":[{"damage_healed":0,"gold_gain":0,"cards_transformed":["Strike_B"],"player_choice":"Change","damage_taken":0,"max_hp_gain":0,"max_hp_loss":0,"event_name":"Living Wall","floor":3,"gold_loss":0,"cards_obtained":["Undo"]},{"cards_removed":["Strike_B"],"damage_healed":0,"gold_gain":0,"player_choice":"Offered Basic","damage_taken":0,"max_hp_gain":0,"max_hp_loss":0,"event_name":"Bonfire Elementals","floor":5,"gold_loss":0},{"damage_healed":0,"gold_gain":0,"player_choice":"Success","damage_taken":18,"relics_obtained":["Pocketwatch"],"max_hp_gain":0,"max_hp_loss":0,"event_name":"Scrap Ooze","floor":13,"gold_loss":0},{"damage_healed":0,"gold_gain":0,"player_choice":"Obtained Relic","damage_taken":0,"relics_obtained":["Bronze Scales"],"max_hp_gain":0,"max_hp_loss":0,"event_name":"Addict","floor":21,"gold_loss":85},{"damage_healed":0,"gold_gain":0,"player_choice":"1 cards matched","damage_taken":0,"max_hp_gain":0,"max_hp_loss":0,"event_name":"Match and Keep!","floor":24,"gold_loss":0,"cards_obtained":["Self Repair"]},{"damage_healed":0,"gold_gain":0,"player_choice":"Ignored","damage_taken":0,"max_hp_gain":0,"max_hp_loss":0,"event_name":"Tomb of Lord Red Mask","floor":42,"gold_loss":0},{"damage_healed":0,"gold_gain":0,"player_choice":"Fight","damage_taken":0,"max_hp_gain":0,"max_hp_loss":0,"event_name":"MindBloom","floor":45,"gold_loss":0}],"is_beta":false,"boss_relics":[{"not_picked":["Black Star","Cursed Key"],"picked":"Astrolabe"},{"not_picked":["Tiny House","Philosopher\u0027s Stone"],"picked":"Coffee Dripper"}],"items_purged_floors":[22,38,54],"is_endless":false,"potions_floor_spawned":[2,10,11,16,18,23,30,31,33,35,37,39,46,55],"ascension_level":20}