{"gold_per_floor":[118,118,43,43,43,84,84,124,124,167,217,217,230,271,271,364,364,378,50,73,89,104,104,123,147,147,170,186,186,230,230,230,326,326,347,347,367,32,55,89,89,125,148,179,200,240,240,240,240,240,240,240,240,11,42,42],"floor_reached":57,"playtime":4503,"items_purged":["Strike_B","Defend_B","Decay"],"score":3286,"play_id":"2b8697a0-acf7-4ef4-bb72-e345ae3b5bbf","local_time":"20220128174316","is_ascension_mode":true,"campfire_choices":[{"data":"Redo","floor":7,"key":"SMITH"},{"data":"Hyperbeam","floor":12,"key":"SMITH"},{"data":"Recycle","floor":15,"key":"SMITH"},{"data":"Skim","floor":23,"key":"SMITH"},{"data":"Coolheaded","floor":29,"key":"SMITH"},{"data":"Redo","floor":32,"key":"SMITH"},{"data":"Biased Cognition","floor":41,"key":"SMITH"},{"floor":47,"key":"RECALL"},{"data":"Defragment","floor":49,"key":"SMITH"},{"data":"Go for the Eyes","floor":53,"key":"SMITH"}],"neow_cost":"NONE","seed_source_timestamp":832410661473100,"circlet_count":0,"master_deck":["AscendersBane","Defend_B","Defend_B","Defend_B","Zap+1","Dualcast","Darkness+1","Redo+1","Auto Shields","Hyperbeam+1","Recycle+1","Echo Form+1","Lockon","Skim+1","Glacier","Go for the Eyes+1","Compile Driver+1","Turbo+1","Coolheaded+1","Conserve Battery","Redo+1","Core Surge","Force Field+1","Barrage","Biased Cognition+1","Defragment+1","Cold Snap","Compile Driver","Glacier","Go for the Eyes+1"],"relics":["Cracked Core","NeowsBlessing","Golden Idol","InkBottle","Meat on the Bone","DataDisk","Shuriken","Boot","Runic Pyramid","ClockworkSouvenir","Cables","The Courier","Inserter","Runic Capacitor","Happy Flower","Bag of Preparation","Lantern","Ancient Tea Set","Blood Vial","Medical Kit","Eternal Feather"],"potions_floor_usage":[18,21,56,56],"damage_taken":[{"damage":0,"enemies":"2 Louse","floor":1,"turns":1},{"damage":0,"enemies":"3 Sentries","floor":6,"turns":1},{"damage":0,"enemies":"Gremlin Nob","floor":8,"turns":1},{"damage":30,"enemies":"3 Sentries","floor":10,"turns":6},{"damage":1,"enemies":"Small Slimes","floor":13,"turns":3},{"damage":9,"enemies":"Gremlin Nob","floor":14,"turns":3},{"damage":27,"enemies":"Hexaghost","floor":16,"turns":9},{"damage":6,"enemies":"3 Byrds","floor":18,"turns":3},{"damage":0,"enemies":"Spheric Guardian","floor":20,"turns":3},{"damage":0,"enemies":"Centurion and Healer","floor":21,"turns":4},{"damage":0,"enemies":"Cultist and Chosen","floor":22,"turns":5},{"damage":4,"enemies":"Snake Plant","floor":24,"turns":4},{"damage":23,"enemies":"Centurion and Healer","floor":25,"turns":3},{"damage":6,"enemies":"Cultist and Chosen","floor":27,"turns":3},{"damage":19,"enemies":"Snake Plant","floor":28,"turns":3},{"damage":0,"enemies":"Gremlin Leader","floor":30,"turns":4},{"damage":27,"enemies":"Champ","floor":33,"turns":7},{"damage":0,"enemies":"Orb Walker","floor":35,"turns":3},{"damage":0,"enemies":"3 Shapes","floor":37,"turns":6},{"damage":0,"enemies":"Sphere and 2 Shapes","floor":39,"turns":5},{"damage":0,"enemies":"Giant Head","floor":40,"turns":5},{"damage":6,"enemies":"Reptomancer","floor":42,"turns":5},{"damage":0,"enemies":"Giant Head","floor":44,"turns":7},{"damage":0,"enemies":"Jaw Worm Horde","floor":45,"turns":3},{"damage":0,"enemies":"Reptomancer","floor":46,"turns":5},{"damage":22,"enemies":"Donu and Deca","floor":50,"turns":10},{"damage":0,"enemies":"Time Eater","floor":51,"turns":7},{"damage":0,"enemies":"Shield and Spear","floor":55,"turns":5},{"damage":47,"enemies":"The Heart","floor":56,"turns":9}],"seed_played":"-598582470708942521","potions_obtained":[{"floor":1,"key":"PotionOfCapacity"},{"floor":13,"key":"Block Potion"},{"floor":14,"key":"Explosive Potion"},{"floor":18,"key":"Weak Potion"},{"floor":21,"key":"AttackPotion"},{"floor":22,"key":"SpeedPotion"}],"is_trial":false,"path_per_floor":["M","?","?","?","?","E","R","E","T","E","?","R","M","E","R","B",null,"M","$","M","M","M","R","M","M","T","M","M","R","E","?","R","B",null,"M","?","M","$","M","E","R","E","T","E","M","E","R","?","R","B","B",null,"R","$","E","B",null],"character_chosen":"DEFECT","items_purchased":["ClockworkSouvenir","Skim","Runic Capacitor","Happy Flower","Medical Kit"],"campfire_rested":0,"item_purchase_floors":[19,19,38,38,54],"current_hp_per_floor":[64,64,64,45,50,50,50,50,50,32,32,32,43,46,46,31,60,54,54,54,54,54,54,50,39,39,45,38,38,38,38,38,23,58,58,58,58,58,58,58,58,52,52,52,52,52,52,52,52,44,46,63,63,63,65,32],"gold":42,"neow_bonus":"THREE_ENEMY_KILL","is_prod":false,"is_daily":false,"chose_seed":false,"campfire_upgraded":9,"win_rate":0,"timestamp":1643409796,"path_taken":["M","?","?","?","?","E","R","E","T","E","?","R","M","E","R","BOSS","M","$","M","M","M","R","M","?","T","?","M","R","E","?","R","BOSS","M","?","M","$","?","E","R","E","T","E","M","E","R","?","R","BOSS","BOSS","R","$","E","BOSS"],"build_version":"2020-12-22","purchased_purges":3,"victory":true,"max_hp_per_floor":[71,64,64,64,69,69,69,69,69,69,69,69,69,69,69,69,69,69,69,69,69,69,69,69,69,69,69,69,69,69,69,69,69,69,69,69,69,69,69,69,69,69,69,69,69,69,69,69,69,69,69,69,69,69,69,69],"relic_stats":{"Inserter":[33],"Happy Flower":[20],"counters":[29,133],"Golden Idol":222,"Eternal Feather":0,"The Courier":141,"Bag of Preparation":[16],"Boot":[89],"Ancient Tea Set":[4],"Medical Kit":[5],"Cables":[75,26,37,12,0],"Blood Vial":8,"Shuriken":[34],"obtain_stats":[{"Lantern":42,"Inserter":34,"NeowsBlessing":0,"Happy Flower":38,"Golden Idol":2,"Eternal Feather":55,"The Courier":30,"Runic Capacitor":38,"Bag of Preparation":40,"Boot":14,"Ancient Tea Set":44,"Medical Kit":54,"ClockworkSouvenir":19,"Cables":26,"Blood Vial":46,"DataDisk":9,"Shuriken":10,"Cracked Core":0,"InkBottle":6,"Meat on the Bone":8,"Runic Pyramid":17},{"Lantern":22,"Inserter":17,"NeowsBlessing":0,"Happy Flower":19,"Golden Idol":1,"Eternal Feather":28,"The Courier":16,"Runic Capacitor":19,"Bag of Preparation":21,"Boot":6,"Ancient Tea Set":23,"Medical Kit":27,"ClockworkSouvenir":8,"Cables":13,"Blood Vial":25,"DataDisk":3,"Shuriken":4,"Cracked Core":0,"InkBottle":2,"Meat on the Bone":3,"Runic Pyramid":7},{"Lantern":87,"Inserter":63,"NeowsBlessing":0,"Happy Flower":72,"Golden Idol":1,"Eternal Feather":124,"The Courier":56,"Runic Capacitor":72,"Bag of Preparation":82,"Boot":15,"Ancient Tea Set":94,"Medical Kit":119,"ClockworkSouvenir":27,"Cables":46,"Blood Vial":102,"DataDisk":3,"Shuriken":9,"Cracked Core":0,"InkBottle":2,"Meat on the Bone":3,"Runic Pyramid":24}],"InkBottle":[60],"Meat on the Bone":120},"card_choices":[{"not_picked":["Blizzard","Conserve Battery"],"picked":"Darkness","floor":1},{"not_picked":["Heatsinks","Double Energy"],"picked":"Redo","floor":6},{"not_picked":["Stack","Cold Snap"],"picked":"Auto Shields","floor":8},{"not_picked":["Beam Cell","Blizzard"],"picked":"Hyperbeam","floor":10},{"not_picked":["Cold Snap","Sweeping Beam","Gash"],"picked":"SKIP","floor":13},{"not_picked":["Static Discharge","Reboot"],"picked":"Recycle","floor":14},{"not_picked":["Fission","Hyperbeam"],"picked":"Echo Form","floor":16},{"not_picked":["Undo","Coolheaded","Lockon"],"picked":"SKIP","floor":18},{"not_picked":["Undo","Coolheaded"],"picked":"Lockon","floor":18},{"not_picked":["Sweeping Beam","Capacitor"],"picked":"Glacier","floor":20},{"not_picked":["Leap","Gash"],"picked":"Go for the Eyes","floor":21},{"not_picked":["Cold Snap","Fusion","Redo"],"picked":"SKIP","floor":22},{"not_picked":["Cold Snap","Fusion","Redo"],"picked":"SKIP","floor":22},{"not_picked":["Melter+1","Steam","Gash+1"],"picked":"SKIP","floor":24},{"not_picked":["Darkness","Stack"],"picked":"Compile Driver+1","floor":25},{"not_picked":["Hyperbeam","Coolheaded"],"picked":"Turbo+1","floor":27},{"not_picked":["Barrage","Steam"],"picked":"Coolheaded","floor":28},{"not_picked":["Creative AI","Reboot"],"picked":"Core Surge","floor":33},{"not_picked":["Undo+1","Gash"],"picked":"Force Field+1","floor":35},{"not_picked":["Rebound","Conserve Battery","Melter"],"picked":"SKIP","floor":37},{"not_picked":["Sweeping Beam","Heatsinks"],"picked":"Barrage","floor":39},{"not_picked":["Storm","Self Repair+1"],"picked":"Biased Cognition","floor":40},{"not_picked":["Turbo+1","Consume"],"picked":"Defragment","floor":42},{"not_picked":["Stack","Compile Driver+1"],"picked":"Cold Snap","floor":44},{"not_picked":["Streamline","Beam Cell"],"picked":"Compile Driver","floor":45},{"not_picked":["Sweeping Beam","Buffer"],"picked":"Glacier","floor":46},{"not_picked":["Reinforced Body","Rebound"],"picked":"Go for the Eyes+1","floor":55}],"player_experience":6071160,"relics_obtained":[{"floor":6,"key":"InkBottle"},{"floor":8,"key":"Meat on the Bone"},{"floor":9,"key":"DataDisk"},{"floor":10,"key":"Shuriken"},{"floor":14,"key":"Boot"},{"floor":26,"key":"Cables"},{"floor":30,"key":"The Courier"},{"floor":40,"key":"Bag of Preparation"},{"floor":42,"key":"Lantern"},{"floor":44,"key":"Ancient Tea Set"},{"floor":46,"key":"Blood Vial"},{"floor":55,"key":"Eternal Feather"}],"event_choices":[{"damage_healed":0,"gold_gain":0,"player_choice":"Lose Max HP","damage_taken":0,"relics_obtained":["Golden Idol"],"max_hp_gain":0,"max_hp_loss":7,"event_name":"Golden Idol","floor":2,"gold_loss":0},{"cards_removed":["Strike_B"],"damage_healed":0,"gold_gain":0,"player_choice":"Card Removal","damage_taken":0,"max_hp_gain":0,"max_hp_loss":0,"event_name":"The Cleric","floor":3,"gold_loss":75},{"damage_healed":0,"gold_gain":0,"player_choice":"Entered Light","damage_taken":19,"max_hp_gain":0,"max_hp_loss":0,"event_name":"Shining Light","floor":4,"gold_loss":0,"cards_upgraded":["Zap","Darkness"]},{"damage_healed":0,"gold_gain":0,"player_choice":"Donut","damage_taken":0,"max_hp_gain":5,"max_hp_loss":0,"event_name":"Big Fish","floor":5,"gold_loss":0},{"damage_healed":0,"gold_gain":50,"player_choice":"Pray","damage_taken":0,"max_hp_gain":0,"max_hp_loss":0,"event_name":"Golden Shrine","floor":11,"gold_loss":0},{"damage_healed":0,"gold_gain":0,"cards_transformed":["Strike_B","Strike_B"],"player_choice":"Became Test Subject","damage_taken":0,"max_hp_gain":0,"max_hp_loss":0,"event_name":"Drug Dealer","floor":31,"gold_loss":0,"cards_obtained":["Conserve Battery","Redo"]},{"damage_healed":0,"gold_gain":0,"player_choice":"Upgraded","damage_taken":0,"max_hp_gain":0,"max_hp_loss":0,"event_name":"Upgrade Shrine","floor":36,"gold_loss":0,"cards_upgraded":["Echo Form"]},{"damage_healed":0,"gold_gain":0,"player_choice":"Cursed","damage_taken":0,"max_hp_gain":0,"max_hp_loss":0,"event_name":"Wheel of Change","floor":48,"gold_loss":0,"cards_obtained":["Decay"]}],"is_beta":false,"boss_relics":[{"not_picked":["Philosopher\u0027s Stone","Tiny House"],"picked":"Runic Pyramid"},{"not_picked":["Sozu","Black Star"],"picked":"Inserter"}],"items_purged_floors":[19,38,54],"is_endless":false,"potions_floor_spawned":[1,13,14,18,21,22,35,37,40,45],"ascension_level":20}