{"gold_per_floor":[118,138,152,165,165,165,198,198,198,217,217,12,41,57,57,130,130,145,85,85,111,140,152,198,210,222,284,306,318,341,45,45,116,116,133,133,152,152,30,30,56,76,76,76,91,91,91,91],"floor_reached":48,"playtime":4921,"items_purged":["Strike_B","Strike_B"],"score":1030,"play_id":"2fc4bc10-68e2-4405-9c6d-9a4a192cd690","local_time":"20220203133906","is_ascension_mode":true,"campfire_choices":[{"data":"Sweeping Beam","floor":6,"key":"SMITH"},{"data":"Melter","floor":8,"key":"SMITH"},{"data":"Barrage","floor":15,"key":"SMITH"},{"data":"Capacitor","floor":23,"key":"SMITH"},{"data":"Hologram","floor":25,"key":"SMITH"},{"data":"Go for the Eyes","floor":29,"key":"SMITH"},{"data":"Blizzard","floor":32,"key":"SMITH"},{"data":"Hologram","floor":40,"key":"SMITH"},{"data":"Recycle","floor":44,"key":"SMITH"},{"floor":46,"key":"RECALL"}],"neow_cost":"NONE","seed_source_timestamp":1335753788826700,"circlet_count":0,"master_deck":["AscendersBane","Defend_B","Defend_B","Defend_B","Zap+1","Dualcast","Melter+1","Leap","Glacier","Sweeping Beam+1","Capacitor+1","Barrage+1","Cold Snap","Hologram+1","Loop+1","Glacier","Core Surge","Undo","Redo+1","Doom and Gloom","Go for the Eyes+1","Blizzard+1","Echo Form+1","Creative AI+1","Barrage+1","Hologram+1","Aggregate+1","Heatsinks+1","Defragment+1","Recycle+1","Loop+1"],"relics":["Cracked Core","DataDisk","The Courier","Frozen Egg 2","Vajra","Turnip","Coffee Dripper","MawBank","StoneCalendar","Toy Ornithopter","Pantograph","Astrolabe","Question Card"],"potions_floor_usage":[7,24,33,37,42,48,48],"damage_taken":[{"damage":0,"enemies":"Cultist","floor":1,"turns":4},{"damage":10,"enemies":"Small Slimes","floor":2,"turns":3},{"damage":7,"enemies":"Jaw Worm","floor":3,"turns":3},{"damage":8,"enemies":"Blue Slaver","floor":4,"turns":3},{"damage":14,"enemies":"Lagavulin","floor":7,"turns":8},{"damage":0,"enemies":"Lots of Slimes","floor":10,"turns":4},{"damage":0,"enemies":"3 Sentries","floor":13,"turns":6},{"damage":7,"enemies":"Exordium Wildlife","floor":14,"turns":4},{"damage":12,"enemies":"The Guardian","floor":16,"turns":12},{"damage":5,"enemies":"Shell Parasite","floor":18,"turns":4},{"damage":0,"enemies":"Spheric Guardian","floor":21,"turns":3},{"damage":0,"enemies":"Snecko","floor":22,"turns":6},{"damage":67,"enemies":"Gremlin Leader","floor":24,"turns":10},{"damage":0,"enemies":"3 Cultists","floor":28,"turns":4},{"damage":0,"enemies":"Sentry and Sphere","floor":30,"turns":5},{"damage":11,"enemies":"Champ","floor":33,"turns":16},{"damage":11,"enemies":"3 Shapes","floor":35,"turns":7},{"damage":21,"enemies":"3 Darklings","floor":37,"turns":7},{"damage":11,"enemies":"Nemesis","floor":41,"turns":7},{"damage":0,"enemies":"4 Shapes","floor":42,"turns":6},{"damage":7,"enemies":"Maw","floor":45,"turns":7},{"damage":69,"enemies":"Reptomancer","floor":48,"turns":2}],"seed_played":"-4218821085136037495","potions_obtained":[{"floor":3,"key":"Strength Potion"},{"floor":4,"key":"CultistPotion"},{"floor":10,"key":"GamblersBrew"},{"floor":16,"key":"FairyPotion"},{"floor":18,"key":"DistilledChaos"},{"floor":24,"key":"LiquidMemories"},{"floor":28,"key":"Explosive Potion"},{"floor":35,"key":"DuplicationPotion"},{"floor":41,"key":"SpeedPotion"},{"floor":42,"key":"Strength Potion"},{"floor":45,"key":"SteroidPotion"}],"is_trial":false,"path_per_floor":["M","M","M","M","?","R","E","R","T","M","T","$","E","M","R","B",null,"M","$","T","M","M","R","E","R","T","?","M","R","M","$","R","B",null,"M","?","M","?","$","R","E","M","T","R","M","R","?","E"],"character_chosen":"DEFECT","items_purchased":["Vajra","Cold Snap","Hologram","Pantograph","Heatsinks+1","Defragment+1"],"campfire_rested":0,"item_purchase_floors":[12,12,12,31,39,39],"current_hp_per_floor":[64,54,47,39,62,62,48,48,48,48,48,48,48,41,41,29,61,56,56,56,56,56,56,21,21,21,21,21,21,21,21,21,40,63,52,42,26,71,71,71,60,65,65,65,58,58,58,0],"gold":91,"neow_bonus":"UPGRADE_CARD","is_prod":false,"is_daily":false,"chose_seed":false,"campfire_upgraded":9,"win_rate":0,"timestamp":1643913546,"path_taken":["M","M","M","?","?","R","E","R","T","M","?","?","E","M","R","BOSS","M","$","?","M","M","R","E","R","T","?","?","R","M","?","R","BOSS","M","?","M","?","$","R","E","M","T","R","?","R","?","E"],"build_version":"2020-12-22","purchased_purges":2,"victory":false,"max_hp_per_floor":[71,71,71,71,71,71,71,71,71,71,71,71,71,71,71,71,71,71,71,71,71,71,71,71,71,71,71,71,71,71,71,71,71,71,71,71,71,71,71,71,71,71,71,71,71,71,71,71],"relic_stats":{"counters":[22,130],"Pantograph":25,"Astrolabe":["Creative AI","Hello World","Barrage"],"StoneCalendar":[54],"The Courier":174,"Turnip":[27],"MawBank":132,"Question Card":2,"obtain_stats":[{"Astrolabe":34,"Vajra":12,"StoneCalendar":24,"The Courier":9,"Frozen Egg 2":11,"MawBank":20,"Question Card":41,"DataDisk":7,"Pantograph":31,"Turnip":13,"Coffee Dripper":17,"Cracked Core":0,"Toy Ornithopter":26},{"Astrolabe":16,"Vajra":6,"StoneCalendar":13,"The Courier":5,"Frozen Egg 2":6,"MawBank":10,"Question Card":19,"DataDisk":5,"Pantograph":15,"Turnip":7,"Coffee Dripper":9,"Cracked Core":0,"Toy Ornithopter":13},{"Astrolabe":95,"Vajra":25,"StoneCalendar":70,"The Courier":21,"Frozen Egg 2":25,"MawBank":51,"Question Card":115,"DataDisk":21,"Pantograph":79,"Turnip":31,"Coffee Dripper":47,"Cracked Core":0,"Toy Ornithopter":70}],"Toy Ornithopter":25},"card_choices":[{"not_picked":["Barrage","Storm"],"picked":"Melter","floor":1},{"not_picked":["Steam Power","Chaos"],"picked":"Leap","floor":2},{"not_picked":["Gash","White Noise"],"picked":"Glacier","floor":3},{"not_picked":["Gash","Recycle"],"picked":"Sweeping Beam","floor":4},{"not_picked":["Rebound","Redo"],"picked":"Capacitor","floor":7},{"not_picked":["Fission","Go for the Eyes"],"picked":"Barrage","floor":10},{"not_picked":["Streamline","Fission"],"picked":"Loop+1","floor":13},{"not_picked":["Stack","Undo"],"picked":"Glacier","floor":14},{"not_picked":["Amplify","Thunder Strike"],"picked":"Core Surge","floor":16},{"not_picked":["Sweeping Beam","Go for the Eyes"],"picked":"Undo","floor":18},{"not_picked":["Leap","Conserve Battery","Doom and Gloom"],"picked":"SKIP","floor":21},{"not_picked":["Streamline+1","Gash"],"picked":"Redo+1","floor":22},{"not_picked":["Multi-Cast","Static Discharge+1"],"picked":"Doom and Gloom","floor":24},{"not_picked":["Sweeping Beam","Fusion"],"picked":"Go for the Eyes","floor":28},{"not_picked":["Leap","Hello World+1"],"picked":"Blizzard","floor":30},{"not_picked":["Buffer+1","Fission"],"picked":"Echo Form+1","floor":33},{"not_picked":["Redo+1","Lockon"],"picked":"Hologram","floor":35},{"not_picked":["Lockon","Streamline"],"picked":"Aggregate+1","floor":37},{"not_picked":["Ball Lightning+1","Steam Power"],"picked":"Recycle","floor":41},{"not_picked":["Go for the Eyes+1","Gash","Steam"],"picked":"Loop+1","floor":42},{"not_picked":["Ball Lightning","Cold Snap","Leap","Steam"],"picked":"SKIP","floor":45},{"not_picked":["Ball Lightning","Cold Snap","Leap","Steam"],"picked":"SKIP","floor":45}],"player_experience":6112595,"relics_obtained":[{"floor":7,"key":"DataDisk"},{"floor":9,"key":"The Courier"},{"floor":11,"key":"Frozen Egg 2"},{"floor":13,"key":"Turnip"},{"floor":20,"key":"MawBank"},{"floor":24,"key":"StoneCalendar"},{"floor":26,"key":"Toy Ornithopter"},{"floor":41,"key":"Question Card"}],"event_choices":[{"damage_healed":23,"gold_gain":0,"player_choice":"Banana","damage_taken":0,"max_hp_gain":0,"max_hp_loss":0,"event_name":"Big Fish","floor":5,"gold_loss":0},{"damage_healed":0,"gold_gain":50,"player_choice":"Stole From Cult","damage_taken":0,"max_hp_gain":0,"max_hp_loss":0,"event_name":"Nest","floor":27,"gold_loss":0},{"damage_healed":0,"gold_gain":0,"player_choice":"Memory 3","damage_taken":10,"max_hp_gain":0,"max_hp_loss":0,"event_name":"SensoryStone","floor":36,"gold_loss":0},{"cards_removed":["Hello World"],"damage_healed":45,"gold_gain":0,"player_choice":"Offered Uncommon","damage_taken":0,"max_hp_gain":0,"max_hp_loss":0,"event_name":"Bonfire Elementals","floor":38,"gold_loss":0},{"damage_healed":0,"gold_gain":0,"player_choice":"Ignored","damage_taken":0,"max_hp_gain":0,"max_hp_loss":0,"event_name":"Tomb of Lord Red Mask","floor":47,"gold_loss":0}],"is_beta":false,"boss_relics":[{"not_picked":["FrozenCore","Nuclear Battery"],"picked":"Coffee Dripper"},{"not_picked":["Fusion Hammer","Calling Bell"],"picked":"Astrolabe"}],"items_purged_floors":[19,31],"is_endless":false,"potions_floor_spawned":[3,4,10,16,18,24,28,35,41,42,45],"killed_by":"Reptomancer","ascension_level":20}