{"gold_per_floor":[110,126,146,146,160,189,201,226,249,264,264,189,189,48,48,121,121,138,152,169,189,201,201,232,232,232,250,285,285,314,89,89,166,166,186,186,206,14,59,94,94,121,147,147,182,182,192,192,192,192,192,192,192,19,47,47],"floor_reached":57,"playtime":8150,"items_purged":["Strike_B","Strike_B"],"score":3220,"play_id":"ca635a97-52e8-46ef-87da-a95cd2a5705b","local_time":"20220127144401","is_ascension_mode":true,"campfire_choices":[{"data":"Biased Cognition","floor":11,"key":"SMITH"},{"data":"Sweeping Beam","floor":13,"key":"SMITH"},{"data":"Chaos","floor":15,"key":"SMITH"},{"data":"Fission","floor":23,"key":"SMITH"},{"data":"Seek","floor":29,"key":"SMITH"},{"data":"Turbo","floor":32,"key":"SMITH"},{"data":"Heatsinks","floor":41,"key":"SMITH"},{"data":"Capacitor","floor":44,"key":"SMITH"},{"floor":46,"key":"RECALL"},{"data":"Coolheaded","floor":49,"key":"SMITH"},{"data":"Biased Cognition","floor":53,"key":"SMITH"}],"neow_cost":"TEN_PERCENT_HP_LOSS","seed_source_timestamp":731617188221700,"circlet_count":0,"master_deck":["AscendersBane","Defend_B","Zap+1","Dualcast","Biased Cognition+1","Melter","Conserve Battery","FTL+1","Coolheaded","Sweeping Beam+1","Capacitor+1","Chaos+1","Seek+1","Machine Learning+1","Electrodynamics+1","Multi-Cast+1","Coolheaded+1","Fission+1","Rebound+1","Hologram+1","Turbo+1","Biased Cognition+1","Stack+1","Madness","Heatsinks+1","Fusion+1"],"relics":["Cracked Core","White Beast Statue","Lantern","Bag of Preparation","Astrolabe","Dream Catcher","Letter Opener","Whetstone","HornCleat","Frozen Eye","Runic Pyramid","Prayer Wheel","Mummified Hand","Nunchaku","Toy Ornithopter","Chemical X","Oddly Smooth Stone"],"potions_floor_usage":[6,7,8,8,16,20,21,27,37,39,45,47,56,56],"damage_taken":[{"damage":0,"enemies":"Small Slimes","floor":1,"turns":4},{"damage":0,"enemies":"Cultist","floor":2,"turns":3},{"damage":0,"enemies":"Jaw Worm","floor":3,"turns":3},{"damage":8,"enemies":"Large Slime","floor":5,"turns":3},{"damage":3,"enemies":"Lagavulin","floor":6,"turns":5},{"damage":0,"enemies":"3 Louse","floor":7,"turns":2},{"damage":3,"enemies":"Gremlin Nob","floor":8,"turns":3},{"damage":0,"enemies":"2 Fungi Beasts","floor":10,"turns":2},{"damage":0,"enemies":"Slime Boss","floor":16,"turns":10},{"damage":0,"enemies":"3 Byrds","floor":18,"turns":2},{"damage":0,"enemies":"Spheric Guardian","floor":19,"turns":1},{"damage":0,"enemies":"Centurion and Healer","floor":20,"turns":2},{"damage":3,"enemies":"Snake Plant","floor":21,"turns":3},{"damage":0,"enemies":"3 Cultists","floor":22,"turns":2},{"damage":0,"enemies":"Gremlin Leader","floor":24,"turns":4},{"damage":0,"enemies":"Sentry and Sphere","floor":27,"turns":2},{"damage":0,"enemies":"Slavers","floor":28,"turns":1},{"damage":7,"enemies":"Book of Stabbing","floor":30,"turns":3},{"damage":0,"enemies":"Collector","floor":33,"turns":5},{"damage":0,"enemies":"3 Darklings","floor":35,"turns":2},{"damage":7,"enemies":"3 Shapes","floor":37,"turns":3},{"damage":11,"enemies":"2 Orb Walkers","floor":39,"turns":2},{"damage":0,"enemies":"Giant Head","floor":40,"turns":6},{"damage":0,"enemies":"Reptomancer","floor":42,"turns":3},{"damage":4,"enemies":"Giant Head","floor":45,"turns":5},{"damage":0,"enemies":"Maw","floor":47,"turns":3},{"damage":22,"enemies":"Awakened One","floor":50,"turns":10},{"damage":13,"enemies":"Time Eater","floor":51,"turns":5},{"damage":0,"enemies":"Shield and Spear","floor":55,"turns":2},{"damage":46,"enemies":"The Heart","floor":56,"turns":6}],"seed_played":"-4239360327941885112","potions_obtained":[{"floor":2,"key":"ColorlessPotion"},{"floor":5,"key":"SteroidPotion"},{"floor":6,"key":"BlessingOfTheForge"},{"floor":7,"key":"GamblersBrew"},{"floor":8,"key":"ColorlessPotion"},{"floor":10,"key":"Energy Potion"},{"floor":16,"key":"SteroidPotion"},{"floor":19,"key":"AttackPotion"},{"floor":20,"key":"FearPotion"},{"floor":21,"key":"FearPotion"},{"floor":22,"key":"EssenceOfDarkness"},{"floor":24,"key":"Fruit Juice"},{"floor":27,"key":"ColorlessPotion"},{"floor":37,"key":"Explosive Potion"},{"floor":39,"key":"Regen Potion"},{"floor":42,"key":"ColorlessPotion"},{"floor":45,"key":"PotionOfCapacity"},{"floor":47,"key":"DuplicationPotion"}],"is_trial":false,"path_per_floor":["M","M","M","?","M","E","M","E","T","M","R","$","R","$","R","B",null,"M","M","M","M","M","R","E","?","T","M","E","R","E","$","R","B",null,"M","?","M","$","?","E","R","E","T","R","E","R","M","?","R","B","B",null,"R","$","E","B",null],"character_chosen":"DEFECT","items_purchased":["Chaos","Turbo","Frozen Eye","Madness","Heatsinks","Chemical X"],"campfire_rested":0,"item_purchase_floors":[14,31,31,38,38,54],"current_hp_per_floor":[64,64,64,64,56,53,53,50,50,50,50,50,50,50,50,50,61,61,61,61,58,58,58,58,58,58,63,63,63,56,56,56,56,66,66,66,59,59,48,48,48,48,48,48,58,58,63,59,59,37,24,58,58,58,58,22],"gold":47,"neow_bonus":"TRANSFORM_TWO_CARDS","is_prod":false,"is_daily":false,"chose_seed":false,"campfire_upgraded":10,"win_rate":0,"timestamp":1643312641,"path_taken":["M","M","M","?","M","E","M","E","T","M","R","$","R","$","R","BOSS","M","M","?","M","M","R","E","?","T","M","E","R","E","$","R","BOSS","M","?","M","$","?","E","R","E","T","R","E","R","M","?","R","BOSS","BOSS","R","$","E","BOSS"],"build_version":"2020-12-22","purchased_purges":2,"victory":true,"max_hp_per_floor":[64,64,64,64,64,64,64,64,64,64,64,64,64,64,64,64,64,64,64,64,64,64,64,64,64,64,69,69,69,69,69,69,69,69,69,69,69,69,69,69,69,69,69,69,69,69,69,69,69,69,69,69,69,69,69,69],"relic_stats":{"counters":[30,107],"Astrolabe":["Machine Learning","Electrodynamics","Multi-Cast"],"Bag of Preparation":[46],"Letter Opener":[481],"Whetstone":["FTL","Rebound"],"White Beast Statue":[0.0,0.0,0.0,0.4,0.0,0.6000000000000001,0.0,0.0,0.0,0.0,0.0,9.468144691200004],"Frozen Eye":449.08365,"Dream Catcher":0,"Nunchaku":[5],"Mummified Hand":[38],"Prayer Wheel":1,"Chemical X":[8],"obtain_stats":[{"Lantern":8,"Astrolabe":17,"Oddly Smooth Stone":55,"Bag of Preparation":9,"Letter Opener":26,"Whetstone":28,"White Beast Statue":6,"Frozen Eye":31,"Dream Catcher":24,"Nunchaku":42,"HornCleat":30,"Mummified Hand":40,"Prayer Wheel":39,"Chemical X":54,"Cracked Core":0,"Toy Ornithopter":45,"Runic Pyramid":34},{"Lantern":7,"Astrolabe":9,"Oddly Smooth Stone":29,"Bag of Preparation":7,"Letter Opener":15,"Whetstone":17,"White Beast Statue":5,"Frozen Eye":18,"Dream Catcher":15,"Nunchaku":24,"HornCleat":18,"Mummified Hand":23,"Prayer Wheel":22,"Chemical X":28,"Cracked Core":0,"Toy Ornithopter":25,"Runic Pyramid":19},{"Lantern":23,"Astrolabe":35,"Oddly Smooth Stone":101,"Bag of Preparation":23,"Letter Opener":49,"Whetstone":52,"White Beast Statue":18,"Frozen Eye":55,"Dream Catcher":49,"Nunchaku":76,"HornCleat":55,"Mummified Hand":73,"Prayer Wheel":67,"Chemical X":99,"Cracked Core":0,"Toy Ornithopter":81,"Runic Pyramid":60}],"Toy Ornithopter":15},"card_choices":[{"not_picked":["Steam","Redo"],"picked":"Conserve Battery","floor":1},{"not_picked":["Gash","Go for the Eyes"],"picked":"FTL","floor":2},{"not_picked":["Redo","Leap"],"picked":"Coolheaded","floor":3},{"not_picked":["Conserve Battery","Ball Lightning"],"picked":"Sweeping Beam","floor":5},{"not_picked":["Thunder Strike","Go for the Eyes"],"picked":"Capacitor","floor":6},{"not_picked":["Barrage","Doom and Gloom"],"picked":"Cold Snap","floor":7},{"not_picked":["Cold Snap","Steam","Barrage"],"picked":"SKIP","floor":8},{"not_picked":["Redo","Leap","Steam Power"],"picked":"SKIP","floor":10},{"not_picked":["Meteor Strike","Amplify"],"picked":"Seek","floor":16},{"not_picked":["Ball Lightning","Go for the Eyes"],"picked":"Coolheaded","floor":18},{"not_picked":["Rebound","Sweeping Beam+1","Reprogram"],"picked":"SKIP","floor":19},{"not_picked":["Steam","FTL","Conserve Battery"],"picked":"SKIP","floor":20},{"not_picked":["Blizzard","Beam Cell","Conserve Battery"],"picked":"SKIP","floor":21},{"not_picked":["Blizzard","Beam Cell","Conserve Battery"],"picked":"SKIP","floor":21},{"not_picked":["Conserve Battery","Gash"],"picked":"Fission","floor":22},{"not_picked":["Steam","Sweeping Beam"],"picked":"Rebound","floor":24},{"not_picked":["Scrape","Compile Driver"],"picked":"Hologram+1","floor":27},{"not_picked":["Melter","Ball Lightning","Steam"],"picked":"SKIP","floor":28},{"not_picked":["Melter","Ball Lightning","Steam"],"picked":"SKIP","floor":28},{"not_picked":["Self Repair","Steam Power","Capacitor"],"picked":"SKIP","floor":30},{"not_picked":["Rainbow","Buffer"],"picked":"Biased Cognition","floor":33},{"not_picked":["Redo","Coolheaded"],"picked":"Stack+1","floor":35},{"not_picked":["Hello World","Skim","Barrage"],"picked":"SKIP","floor":37},{"not_picked":["Redo","Stack","Cold Snap+1"],"picked":"SKIP","floor":40},{"not_picked":["Redo","Stack","Cold Snap+1"],"picked":"SKIP","floor":40},{"not_picked":["Streamline","Gash+1","Electrodynamics"],"picked":"SKIP","floor":42},{"not_picked":["Streamline","Gash+1","Electrodynamics"],"picked":"SKIP","floor":42},{"not_picked":["Beam Cell+1","Fission","Genetic Algorithm+1"],"picked":"SKIP","floor":45},{"not_picked":["Doom and Gloom+1","Hologram"],"picked":"Fusion+1","floor":47},{"not_picked":["Streamline","Beam Cell","Self Repair"],"picked":"SKIP","floor":47},{"not_picked":["Sweeping Beam","Stack","Ball Lightning"],"picked":"SKIP","floor":55}],"player_experience":6050100,"relics_obtained":[{"floor":6,"key":"White Beast Statue"},{"floor":8,"key":"Lantern"},{"floor":9,"key":"Bag of Preparation"},{"floor":24,"key":"Dream Catcher"},{"floor":26,"key":"Letter Opener"},{"floor":28,"key":"Whetstone"},{"floor":30,"key":"HornCleat"},{"floor":39,"key":"Prayer Wheel"},{"floor":40,"key":"Mummified Hand"},{"floor":42,"key":"Nunchaku"},{"floor":45,"key":"Toy Ornithopter"},{"floor":55,"key":"Oddly Smooth Stone"}],"event_choices":[{"damage_healed":0,"gold_gain":0,"player_choice":"Upgraded","damage_taken":0,"max_hp_gain":0,"max_hp_loss":0,"event_name":"Upgrade Shrine","floor":4,"gold_loss":0,"cards_upgraded":["Zap"]},{"damage_healed":0,"gold_gain":0,"player_choice":"Ignored","damage_taken":0,"max_hp_gain":0,"max_hp_loss":0,"event_name":"Ghosts","floor":25,"gold_loss":0},{"cards_removed":["Cold Snap"],"damage_healed":0,"gold_gain":0,"player_choice":"Removed Attack","damage_taken":0,"max_hp_gain":0,"max_hp_loss":0,"event_name":"Falling","floor":36,"gold_loss":0},{"damage_healed":0,"gold_gain":0,"player_choice":"Fight","damage_taken":0,"max_hp_gain":0,"max_hp_loss":0,"event_name":"Mysterious Sphere","floor":39,"gold_loss":0},{"damage_healed":0,"gold_gain":0,"player_choice":"Bought 0 Potions","damage_taken":0,"max_hp_gain":0,"max_hp_loss":0,"event_name":"The Woman in Blue","floor":48,"gold_loss":0}],"is_beta":false,"boss_relics":[{"not_picked":["Runic Dome","Empty Cage"],"picked":"Astrolabe"},{"not_picked":["Cursed Key","Black Star"],"picked":"Runic Pyramid"}],"items_purged_floors":[12,14],"is_endless":false,"potions_floor_spawned":[2,5,6,7,8,10,16,18,19,20,21,22,24,27,28,30,33,35,37,39,40,42,45,47,55],"ascension_level":20}