{"gold_per_floor":[10,27,42,42,42,42,82,100,100,135,156,172,193,118,118,214,214,228,241,35,35,58,58,92,112,112,112,142,187,187,218,218,321,393,417,417,360,388,428,468,497,497],"floor_reached":42,"playtime":4763,"items_purged":["Strike_B"],"score":1139,"play_id":"4e26693c-3188-4e1d-8d2a-0042deaeddbc","local_time":"20220211163945","is_ascension_mode":true,"campfire_choices":[{"data":"Apotheosis","floor":6,"key":"SMITH"},{"data":"Doom and Gloom","floor":15,"key":"SMITH"},{"floor":23,"key":"REST"},{"data":"Seek","floor":30,"key":"SMITH"},{"floor":32,"key":"RECALL"}],"neow_cost":"NO_GOLD","seed_source_timestamp":20166753069400,"circlet_count":0,"master_deck":["AscendersBane","Defend_B","Defend_B","Defend_B","Defend_B","Zap","Dualcast","Apotheosis+1","Steam","Coolheaded","Gash","Rebound","Cold Snap","Compile Driver","Seek+1","Defragment","Skim+1","Gash","Compile Driver+1","Go for the Eyes","Chaos","All For One","Rebound","Hologram","Sunder","Loop","Loop+1","Gash","Biased Cognition","Gash"],"relics":["Cracked Core","Golden Idol","Akabeko","Ornamental Fan","Du-Vu Doll","Runic Pyramid","Membership Card","CeramicFish","Bird Faced Urn","Turnip","Oddly Smooth Stone","Tiny House","Torii","MealTicket"],"potions_floor_usage":[8,16,16,19,31,38,41],"damage_taken":[{"damage":4,"enemies":"Small Slimes","floor":1,"turns":4},{"damage":6,"enemies":"2 Louse","floor":2,"turns":3},{"damage":7,"enemies":"Jaw Worm","floor":3,"turns":5},{"damage":22,"enemies":"3 Sentries","floor":7,"turns":8},{"damage":1,"enemies":"Blue Slaver","floor":8,"turns":3},{"damage":0,"enemies":"Lagavulin","floor":10,"turns":6},{"damage":2,"enemies":"Exordium Thugs","floor":11,"turns":4},{"damage":0,"enemies":"Red Slaver","floor":12,"turns":4},{"damage":2,"enemies":"Gremlin Gang","floor":13,"turns":3},{"damage":0,"enemies":"Slime Boss","floor":16,"turns":7},{"damage":3,"enemies":"3 Byrds","floor":18,"turns":4},{"damage":21,"enemies":"Shell Parasite","floor":19,"turns":6},{"damage":20,"enemies":"Snake Plant","floor":22,"turns":5},{"damage":0,"enemies":"Sentry and Sphere","floor":24,"turns":5},{"damage":0,"enemies":"Cultist and Chosen","floor":25,"turns":6},{"damage":0,"enemies":"Snecko","floor":28,"turns":4},{"damage":8,"enemies":"Gremlin Leader","floor":29,"turns":5},{"damage":2,"enemies":"Book of Stabbing","floor":31,"turns":5},{"damage":31,"enemies":"Automaton","floor":33,"turns":10},{"damage":0,"enemies":"3 Shapes","floor":35,"turns":6},{"damage":22,"enemies":"3 Darklings","floor":38,"turns":6},{"damage":14,"enemies":"Mind Bloom Boss Battle","floor":39,"turns":7},{"damage":3,"enemies":"Giant Head","floor":40,"turns":6},{"damage":29,"enemies":"Jaw Worm Horde","floor":41,"turns":6},{"damage":26,"enemies":"Reptomancer","floor":42,"turns":3}],"seed_played":"7210548118394064911","potions_obtained":[{"floor":1,"key":"Energy Potion"},{"floor":7,"key":"SneckoOil"},{"floor":8,"key":"AttackPotion"},{"floor":16,"key":"Regen Potion"},{"floor":19,"key":"Swift Potion"},{"floor":24,"key":"LiquidMemories"},{"floor":34,"key":"Fire Potion"}],"is_trial":false,"path_per_floor":["M","M","M","?","?","R","E","M","T","E","M","M","M","?","R","B",null,"M","M","$","?","M","R","M","M","T","?","M","E","R","E","R","B",null,"M","?","?","M","?","E","M","E"],"character_chosen":"DEFECT","items_purchased":["Membership Card"],"campfire_rested":1,"item_purchase_floors":[20],"current_hp_per_floor":[60,54,47,47,47,47,25,24,24,24,22,22,20,20,20,20,53,50,44,44,44,24,43,43,43,43,43,45,39,39,39,39,10,56,58,58,58,40,32,35,14,0],"gold":497,"neow_bonus":"RANDOM_COLORLESS_2","is_prod":false,"is_daily":false,"chose_seed":false,"campfire_upgraded":3,"win_rate":0,"timestamp":1644615585,"path_taken":["M","M","M","?","?","R","E","M","T","E","?","M","M","?","R","BOSS","M","M","$","?","?","R","M","?","T","?","M","E","R","E","R","BOSS","M","?","?","?","?","E","M","E"],"build_version":"2020-12-22","purchased_purges":1,"victory":false,"max_hp_per_floor":[71,71,71,71,64,64,64,64,64,64,64,64,64,64,64,64,64,64,64,64,64,64,64,64,64,64,64,64,64,64,64,64,64,69,69,69,69,69,69,69,69,69],"relic_stats":{"Torii":13,"counters":[25,131],"Golden Idol":139,"Ornamental Fan":[176],"CeramicFish":117,"Bird Faced Urn":[36],"MealTicket":0,"Turnip":[0],"Membership Card":37,"obtain_stats":[{"Tiny House":34,"Torii":39,"Golden Idol":5,"CeramicFish":21,"Oddly Smooth Stone":31,"Akabeko":7,"Du-Vu Doll":10,"Ornamental Fan":9,"Bird Faced Urn":26,"MealTicket":40,"Turnip":29,"Membership Card":20,"Cracked Core":0,"Runic Pyramid":17},{"Tiny House":19,"Torii":22,"Golden Idol":3,"CeramicFish":12,"Oddly Smooth Stone":18,"Akabeko":4,"Du-Vu Doll":6,"Ornamental Fan":5,"Bird Faced Urn":15,"MealTicket":23,"Turnip":17,"Membership Card":12,"Cracked Core":0,"Runic Pyramid":10},{"Tiny House":97,"Torii":116,"Golden Idol":12,"CeramicFish":57,"Oddly Smooth Stone":87,"Akabeko":20,"Du-Vu Doll":29,"Ornamental Fan":23,"Bird Faced Urn":73,"MealTicket":122,"Turnip":82,"Membership Card":57,"Cracked Core":0,"Runic Pyramid":47}]},"card_choices":[{"not_picked":["Master of Strategy","HandOfGreed"],"picked":"Apotheosis","floor":0},{"not_picked":["Coolheaded","Auto Shields"],"picked":"Steam","floor":1},{"not_picked":["Stack","Leap"],"picked":"Coolheaded","floor":2},{"not_picked":["Storm","Force Field"],"picked":"Gash","floor":3},{"not_picked":["Leap","Steam Power"],"picked":"Rebound","floor":7},{"not_picked":["Loop","Go for the Eyes"],"picked":"Cold Snap","floor":8},{"not_picked":["Barrage","Steam","Redo"],"picked":"SKIP","floor":10},{"not_picked":["Barrage","Steam","Redo"],"picked":"SKIP","floor":10},{"not_picked":["Hyperbeam","Ball Lightning"],"picked":"Doom and Gloom","floor":11},{"not_picked":["Streamline","Steam"],"picked":"Compile Driver","floor":12},{"not_picked":["Leap","Hello World","Rip and Tear"],"picked":"SKIP","floor":13},{"not_picked":["All For One","Reboot"],"picked":"Seek","floor":16},{"not_picked":["Turbo","Ball Lightning"],"picked":"Defragment","floor":18},{"not_picked":["Turbo","Go for the Eyes"],"picked":"Skim+1","floor":19},{"not_picked":["Compile Driver","Stack"],"picked":"Gash","floor":22},{"not_picked":["Cold Snap+1","Reinforced Body"],"picked":"Compile Driver","floor":24},{"not_picked":["Static Discharge","Ball Lightning","Barrage"],"picked":"SKIP","floor":25},{"not_picked":["Cold Snap","Coolheaded"],"picked":"Go for the Eyes","floor":28},{"not_picked":["Machine Learning","Coolheaded"],"picked":"Chaos","floor":29},{"not_picked":["Sunder","Barrage+1","Skim"],"picked":"SKIP","floor":31},{"not_picked":["Meteor Strike","Buffer"],"picked":"All For One","floor":33},{"not_picked":["Doom and Gloom","Cold Snap"],"picked":"Rebound","floor":34},{"not_picked":["FTL","Sweeping Beam"],"picked":"Hologram","floor":35},{"not_picked":["Leap+1","Hello World+1"],"picked":"Loop+1","floor":38},{"not_picked":["Conserve Battery","Force Field"],"picked":"Gash","floor":39},{"not_picked":["Barrage+1","White Noise"],"picked":"Biased Cognition","floor":40},{"not_picked":["Go for the Eyes","Cold Snap"],"picked":"Gash","floor":41}],"player_experience":6231291,"relics_obtained":[{"floor":7,"key":"Akabeko"},{"floor":9,"key":"Ornamental Fan"},{"floor":10,"key":"Du-Vu Doll"},{"floor":21,"key":"CeramicFish"},{"floor":26,"key":"Bird Faced Urn"},{"floor":29,"key":"Turnip"},{"floor":31,"key":"Oddly Smooth Stone"},{"floor":39,"key":"Torii"},{"floor":40,"key":"MealTicket"}],"event_choices":[{"damage_healed":0,"gold_gain":0,"player_choice":"Ignored","damage_taken":0,"max_hp_gain":0,"max_hp_loss":0,"event_name":"Shining Light","floor":4,"gold_loss":0},{"damage_healed":0,"gold_gain":0,"player_choice":"Lose Max HP","damage_taken":0,"relics_obtained":["Golden Idol"],"max_hp_gain":0,"max_hp_loss":7,"event_name":"Golden Idol","floor":5,"gold_loss":0},{"cards_removed":["Strike_B"],"damage_healed":0,"gold_gain":0,"player_choice":"Card Removal","damage_taken":0,"max_hp_gain":0,"max_hp_loss":0,"event_name":"The Cleric","floor":14,"gold_loss":75},{"damage_healed":0,"gold_gain":0,"player_choice":"Relic","damage_taken":0,"max_hp_gain":0,"max_hp_loss":0,"event_name":"Wheel of Change","floor":21,"gold_loss":0},{"damage_healed":0,"gold_gain":0,"player_choice":"Ignored","damage_taken":0,"max_hp_gain":0,"max_hp_loss":0,"event_name":"The Mausoleum","floor":27,"gold_loss":0},{"cards_removed":["Doom and Gloom"],"damage_healed":0,"gold_gain":0,"player_choice":"Removed Attack","damage_taken":0,"max_hp_gain":0,"max_hp_loss":0,"event_name":"Falling","floor":36,"gold_loss":0},{"damage_healed":0,"gold_gain":0,"cards_transformed":["Strike_B","Strike_B"],"player_choice":"Transformed Cards","damage_taken":0,"max_hp_gain":0,"max_hp_loss":0,"event_name":"Designer","floor":37,"gold_loss":75,"cards_obtained":["Sunder","Loop"]},{"damage_healed":0,"gold_gain":0,"player_choice":"Fight","damage_taken":0,"max_hp_gain":0,"max_hp_loss":0,"event_name":"MindBloom","floor":39,"gold_loss":0}],"is_beta":false,"boss_relics":[{"not_picked":["SacredBark","Astrolabe"],"picked":"Runic Pyramid"},{"not_picked":["Runic Dome","Snecko Eye"],"picked":"Tiny House"}],"items_purged_floors":[20],"is_endless":false,"potions_floor_spawned":[1,7,8,16,19,24,28,29,35],"killed_by":"Reptomancer","ascension_level":20}