{"gold_per_floor":[17,33,44,64,64,95,95,128,128,128,163,182,196,213,213,290,290,305,317,327,377,48,76,76,96,96,129,54,54,64,78,78,150,150,165,178,196,212,212,238,252,266,347,364,377,426,438,449,449,449,449,449,449,78,104,104],"floor_reached":57,"playtime":9309,"items_purged":["Zap"],"score":2862,"play_id":"91ed5e82-e89c-437f-9df9-c7a239544ced","local_time":"20220204145044","is_ascension_mode":true,"campfire_choices":[{"floor":7,"key":"REST"},{"data":"Electrodynamics","floor":10,"key":"SMITH"},{"data":"Beam Cell","floor":15,"key":"SMITH"},{"data":"Dualcast","floor":24,"key":"SMITH"},{"data":"Conserve Battery","floor":32,"key":"SMITH"},{"floor":49,"key":"RECALL"},{"floor":53,"key":"REST"}],"neow_cost":"NO_GOLD","seed_source_timestamp":1422045136251600,"circlet_count":0,"master_deck":["AscendersBane","Defend_B","Defend_B","Defend_B","Defend_B","Dualcast+1","Gash","Conserve Battery+1","Doom and Gloom+1","Beam Cell+1","Ball Lightning","Chill","Electrodynamics+1","Coolheaded+1","Echo Form","Darkness+1","Genetic Algorithm+1","Coolheaded+1","Rebound+1","All For One+1","Turbo+1","Fusion+1","Skim+1","Coolheaded+1","Conserve Battery+1","Hologram+1","Fission+1","Reinforced Body+1","Recycle+1","Glacier+1","Biased Cognition","Hologram+1","Hologram+1","Hologram+1","All For One","Biased Cognition","Panacea+1","Coolheaded+1"],"relics":["Cracked Core","Prayer Wheel","White Beast Statue","Meat on the Bone","Toxic Egg 2","Cables","Astrolabe","Frozen Eye","Art of War","Ancient Tea Set","Potion Belt","SacredBark","Shuriken","Singing Bowl","Ginger","Gambling Chip"],"potions_floor_usage":[8,11,18,19,23,25,27,27,35,38,42,45,46,47,48,51,51,54,55,55,56,56,56],"damage_taken":[{"damage":16,"enemies":"Small Slimes","floor":1,"turns":4},{"damage":7,"enemies":"Jaw Worm","floor":2,"turns":4},{"damage":4,"enemies":"2 Louse","floor":3,"turns":3},{"damage":0,"enemies":"2 Fungi Beasts","floor":4,"turns":2},{"damage":18,"enemies":"3 Sentries","floor":6,"turns":6},{"damage":8,"enemies":"Lagavulin","floor":8,"turns":7},{"damage":0,"enemies":"3 Sentries","floor":11,"turns":4},{"damage":8,"enemies":"Blue Slaver","floor":12,"turns":2},{"damage":2,"enemies":"3 Louse","floor":13,"turns":2},{"damage":11,"enemies":"Exordium Wildlife","floor":14,"turns":2},{"damage":15,"enemies":"Slime Boss","floor":16,"turns":14},{"damage":1,"enemies":"2 Thieves","floor":18,"turns":2},{"damage":0,"enemies":"Chosen","floor":19,"turns":2},{"damage":4,"enemies":"Snake Plant","floor":20,"turns":3},{"damage":12,"enemies":"Slavers","floor":23,"turns":3},{"damage":2,"enemies":"3 Cultists","floor":25,"turns":4},{"damage":4,"enemies":"Gremlin Leader","floor":27,"turns":4},{"damage":0,"enemies":"Chosen and Byrds","floor":30,"turns":3},{"damage":9,"enemies":"Centurion and Healer","floor":31,"turns":8},{"damage":19,"enemies":"Champ","floor":33,"turns":11},{"damage":0,"enemies":"3 Darklings","floor":35,"turns":4},{"damage":0,"enemies":"3 Shapes","floor":36,"turns":4},{"damage":0,"enemies":"Maw","floor":37,"turns":6},{"damage":0,"enemies":"Sphere and 2 Shapes","floor":38,"turns":5},{"damage":5,"enemies":"Giant Head","floor":40,"turns":8},{"damage":0,"enemies":"4 Shapes","floor":41,"turns":3},{"damage":0,"enemies":"3 Darklings","floor":42,"turns":3},{"damage":0,"enemies":"Sphere and 2 Shapes","floor":44,"turns":5},{"damage":0,"enemies":"Transient","floor":45,"turns":6},{"damage":11,"enemies":"2 Orb Walkers","floor":46,"turns":4},{"damage":3,"enemies":"Writhing Mass","floor":47,"turns":5},{"damage":19,"enemies":"Jaw Worm Horde","floor":48,"turns":5},{"damage":12,"enemies":"Awakened One","floor":50,"turns":10},{"damage":48,"enemies":"Time Eater","floor":51,"turns":10},{"damage":0,"enemies":"Shield and Spear","floor":55,"turns":7},{"damage":51,"enemies":"The Heart","floor":56,"turns":10}],"seed_played":"7262118953691947537","potions_obtained":[{"floor":4,"key":"Strength Potion"},{"floor":6,"key":"GamblersBrew"},{"floor":8,"key":"Fire Potion"},{"floor":11,"key":"FocusPotion"},{"floor":12,"key":"Block Potion"},{"floor":18,"key":"SteroidPotion"},{"floor":19,"key":"Strength Potion"},{"floor":20,"key":"Fruit Juice"},{"floor":23,"key":"FocusPotion"},{"floor":25,"key":"Energy Potion"},{"floor":27,"key":"Fire Potion"},{"floor":30,"key":"GamblersBrew"},{"floor":31,"key":"Block Potion"},{"floor":33,"key":"FearPotion"},{"floor":35,"key":"Swift Potion"},{"floor":37,"key":"ColorlessPotion"},{"floor":38,"key":"SpeedPotion"},{"floor":41,"key":"GamblersBrew"},{"floor":42,"key":"LiquidMemories"},{"floor":45,"key":"Energy Potion"},{"floor":46,"key":"Energy Potion"},{"floor":47,"key":"ColorlessPotion"},{"floor":48,"key":"Fruit Juice"},{"floor":55,"key":"AttackPotion"}],"is_trial":false,"path_per_floor":["M","M","M","M","?","E","R","E","T","R","E","M","M","M","R","B",null,"M","M","M","?","$","E","R","M","T","E","?","?","M","M","R","B",null,"M","M","M","M","?","E","M","M","T","M","M","?","M","M","R","B","B",null,"R","$","E","B",null],"character_chosen":"DEFECT","items_purchased":["Frozen Eye","Art of War","Panacea+1","Coolheaded+1","Swift Potion","Swift Potion","Dexterity Potion"],"campfire_rested":2,"item_purchase_floors":[22,22,54,54,54,54,54],"current_hp_per_floor":[48,41,37,37,37,19,40,32,32,32,44,36,46,47,47,44,64,63,63,59,59,59,47,47,50,50,46,46,46,46,49,49,42,68,68,68,68,68,68,63,63,63,63,67,71,62,61,58,58,58,22,75,92,102,104,53],"gold":104,"neow_bonus":"ONE_RARE_RELIC","is_prod":false,"is_daily":false,"chose_seed":false,"campfire_upgraded":4,"win_rate":0,"timestamp":1644004244,"path_taken":["M","M","M","M","?","E","R","E","T","R","E","M","M","M","R","BOSS","M","M","M","?","$","E","R","M","T","E","?","?","M","M","R","BOSS","M","M","M","M","?","E","M","M","T","M","M","?","M","M","R","BOSS","BOSS","R","$","E","BOSS"],"build_version":"2020-12-22","purchased_purges":1,"victory":true,"max_hp_per_floor":[71,71,71,71,71,71,71,71,71,71,71,71,71,71,71,71,71,71,71,71,71,71,71,71,76,76,76,76,76,76,76,76,76,76,76,76,76,76,76,76,76,76,76,80,84,86,88,92,92,92,92,92,92,102,104,104],"relic_stats":{"Singing Bowl":18,"counters":[36,185],"Astrolabe":["Rebound","Electrodynamics","All For One"],"Ginger":[5],"Ancient Tea Set":[8],"White Beast Statue":[0.0,0.0,0.0,0.4,0.0,0.6000000000000001,0.0,0.0,0.0,0.0,0.0,13.001468602368007],"Cables":[141,47,54,31,9],"Frozen Eye":1075.0521,"Shuriken":[37],"Gambling Chip":[1],"Prayer Wheel":23,"Art of War":[46],"obtain_stats":[{"Potion Belt":27,"Singing Bowl":43,"Astrolabe":17,"SacredBark":34,"Ginger":46,"Ancient Tea Set":23,"White Beast Statue":6,"Cables":11,"Frozen Eye":22,"Shuriken":40,"Gambling Chip":55,"Prayer Wheel":0,"Art of War":22,"Toxic Egg 2":9,"Cracked Core":0,"Meat on the Bone":8},{"Potion Belt":17,"Singing Bowl":27,"Astrolabe":11,"SacredBark":20,"Ginger":30,"Ancient Tea Set":15,"White Beast Statue":5,"Cables":7,"Frozen Eye":14,"Shuriken":25,"Gambling Chip":35,"Prayer Wheel":0,"Art of War":14,"Toxic Egg 2":6,"Cracked Core":0,"Meat on the Bone":6},{"Potion Belt":68,"Singing Bowl":123,"Astrolabe":50,"SacredBark":90,"Ginger":138,"Ancient Tea Set":60,"White Beast Statue":19,"Cables":30,"Frozen Eye":57,"Shuriken":117,"Gambling Chip":175,"Prayer Wheel":0,"Art of War":57,"Toxic Egg 2":26,"Cracked Core":0,"Meat on the Bone":26}],"Meat on the Bone":108},"card_choices":[{"not_picked":["Turbo","Auto Shields"],"picked":"Gash","floor":1},{"not_picked":["Blizzard","Turbo","Chaos"],"picked":"SKIP","floor":1},{"not_picked":["Stack","Scrape"],"picked":"Conserve Battery","floor":2},{"not_picked":["Compile Driver","Leap"],"picked":"Doom and Gloom","floor":2},{"not_picked":["Streamline","Ball Lightning"],"picked":"Beam Cell","floor":3},{"not_picked":["Meteor Strike","Conserve Battery"],"picked":"Ball Lightning","floor":3},{"not_picked":["Reprogram","Fusion"],"picked":"Chill","floor":4},{"not_picked":["Melter","Steam","Conserve Battery"],"picked":"SKIP","floor":4},{"not_picked":["Melter","Steam","Conserve Battery"],"picked":"SKIP","floor":4},{"not_picked":["Melter","Steam","Conserve Battery"],"picked":"SKIP","floor":4},{"not_picked":["Leap","Skim"],"picked":"Electrodynamics","floor":6},{"not_picked":["Multi-Cast","Sweeping Beam","Leap"],"picked":"SKIP","floor":8},{"not_picked":["Multi-Cast","Sweeping Beam","Leap"],"picked":"SKIP","floor":8},{"not_picked":["Turbo+1","Darkness+1"],"picked":"Coolheaded+1","floor":11},{"not_picked":["Glacier+1","Scrape"],"picked":"Echo Form","floor":12},{"not_picked":["Ball Lightning","Sweeping Beam"],"picked":"Darkness+1","floor":12},{"not_picked":["Stack+1","Turbo+1"],"picked":"Genetic Algorithm+1","floor":13},{"not_picked":["Sweeping Beam","Rebound","Conserve Battery+1"],"picked":"SKIP","floor":13},{"not_picked":["Sweeping Beam","Gash"],"picked":"Coolheaded+1","floor":14},{"not_picked":["Rebound","Loop","Chaos+1"],"picked":"SKIP","floor":14},{"not_picked":["Rebound","Loop","Chaos+1"],"picked":"SKIP","floor":14},{"not_picked":["Hologram+1","Capacitor"],"picked":"Turbo+1","floor":18},{"not_picked":["Barrage","Compile Driver","Cold Snap"],"picked":"SKIP","floor":18},{"not_picked":["Streamline","Barrage"],"picked":"Fusion+1","floor":19},{"not_picked":["Cold Snap","Barrage"],"picked":"Skim+1","floor":19},{"not_picked":["Electrodynamics","Melter"],"picked":"Coolheaded+1","floor":20},{"not_picked":["Chaos+1","Rebound","Auto Shields+1"],"picked":"SKIP","floor":20},{"not_picked":["Force Field+1","Coolheaded+1"],"picked":"Conserve Battery+1","floor":23},{"not_picked":["Rebound","Static Discharge","Streamline"],"picked":"SKIP","floor":25},{"not_picked":["Leap+1","Darkness+1","Self Repair"],"picked":"SKIP","floor":25},{"not_picked":["Beam Cell","Sunder","Rebound"],"picked":"SKIP","floor":27},{"not_picked":["Beam Cell","Sunder","Rebound"],"picked":"SKIP","floor":27},{"not_picked":["Beam Cell","Sunder","Rebound"],"picked":"SKIP","floor":27},{"not_picked":["Beam Cell","Sunder","Rebound"],"picked":"SKIP","floor":27},{"not_picked":["Chill+1","Coolheaded+1"],"picked":"Fission+1","floor":30},{"not_picked":["FTL","Ball Lightning","Lockon"],"picked":"SKIP","floor":30},{"not_picked":["Leap+1","Tempest+1"],"picked":"Reinforced Body+1","floor":31},{"not_picked":["Streamline","Tempest+1","Compile Driver"],"picked":"SKIP","floor":31},{"not_picked":["Streamline","Tempest+1","Compile Driver"],"picked":"SKIP","floor":31},{"not_picked":["Sweeping Beam","Gash+1"],"picked":"Recycle+1","floor":35},{"not_picked":["Gash","Conserve Battery+1"],"picked":"Glacier+1","floor":35},{"not_picked":["Cold Snap","Compile Driver"],"picked":"Biased Cognition","floor":36},{"not_picked":["Leap+1","Conserve Battery+1"],"picked":"Hologram+1","floor":36},{"not_picked":["Melter","Auto Shields+1"],"picked":"Hologram+1","floor":37},{"not_picked":["Compile Driver","Heatsinks","Rebound"],"picked":"SKIP","floor":37},{"not_picked":["Compile Driver","Heatsinks","Rebound"],"picked":"SKIP","floor":37},{"not_picked":["Blizzard","Scrape"],"picked":"Hologram+1","floor":38},{"not_picked":["Gash","Conserve Battery+1","Stack+1"],"picked":"SKIP","floor":40},{"not_picked":["Gash+1","Sweeping Beam"],"picked":"All For One","floor":41},{"not_picked":["Self Repair","Fusion+1","Sweeping Beam"],"picked":"SKIP","floor":41},{"not_picked":["Coolheaded+1","Cold Snap+1","Turbo+1"],"picked":"SKIP","floor":42},{"not_picked":["Rebound","Genetic Algorithm+1","Blizzard"],"picked":"SKIP","floor":42},{"not_picked":["Coolheaded+1","Cold Snap+1","Turbo+1"],"picked":"SKIP","floor":42},{"not_picked":["Rebound","Genetic Algorithm+1","Blizzard"],"picked":"SKIP","floor":42},{"not_picked":["Sweeping Beam","Scrape","Rip and Tear"],"picked":"Singing Bowl","floor":44},{"not_picked":["Ball Lightning","Steam+1","Genetic Algorithm+1"],"picked":"Singing Bowl","floor":44},{"not_picked":["Steam+1","Steam Power+1","FTL"],"picked":"Singing Bowl","floor":45},{"not_picked":["Barrage","Tempest+1","Static Discharge+1"],"picked":"Singing Bowl","floor":45},{"not_picked":["Coolheaded+1","Static Discharge","Steam Power+1"],"picked":"Singing Bowl","floor":46},{"not_picked":["Gash","Scrape"],"picked":"Biased Cognition","floor":47},{"not_picked":["Capacitor","Hologram+1","Fusion+1"],"picked":"Singing Bowl","floor":47},{"not_picked":["Sweeping Beam","Redo+1","Storm"],"picked":"Singing Bowl","floor":48},{"not_picked":["Conserve Battery+1","Streamline","Beam Cell+1"],"picked":"Singing Bowl","floor":48},{"not_picked":["Rebound","Conserve Battery+1","Electrodynamics"],"picked":"Singing Bowl","floor":55}],"player_experience":6123433,"relics_obtained":[{"floor":6,"key":"White Beast Statue"},{"floor":8,"key":"Meat on the Bone"},{"floor":9,"key":"Toxic Egg 2"},{"floor":11,"key":"Cables"},{"floor":23,"key":"Ancient Tea Set"},{"floor":27,"key":"Potion Belt"},{"floor":40,"key":"Shuriken"},{"floor":43,"key":"Singing Bowl"},{"floor":46,"key":"Ginger"},{"floor":55,"key":"Gambling Chip"}],"event_choices":[{"damage_healed":0,"gold_gain":0,"player_choice":"Grow","damage_taken":0,"max_hp_gain":0,"max_hp_loss":0,"event_name":"Living Wall","floor":5,"gold_loss":0,"cards_upgraded":["Doom and Gloom"]},{"damage_healed":0,"gold_gain":50,"player_choice":"Stole From Cult","damage_taken":0,"max_hp_gain":0,"max_hp_loss":0,"event_name":"Nest","floor":21,"gold_loss":0},{"cards_removed":["Strike_B"],"damage_healed":0,"gold_gain":0,"player_choice":"Gave Gold","damage_taken":0,"max_hp_gain":0,"max_hp_loss":0,"event_name":"Beggar","floor":28,"gold_loss":75},{"damage_healed":0,"gold_gain":0,"player_choice":"Read","damage_taken":0,"max_hp_gain":0,"max_hp_loss":0,"event_name":"The Library","floor":29,"gold_loss":0,"cards_obtained":["Hologram"]},{"cards_removed":["Electrodynamics"],"damage_healed":0,"gold_gain":0,"player_choice":"Removed Power","damage_taken":0,"max_hp_gain":0,"max_hp_loss":0,"event_name":"Falling","floor":39,"gold_loss":0},{"damage_healed":0,"gold_gain":0,"player_choice":"Fight","damage_taken":0,"max_hp_gain":0,"max_hp_loss":0,"event_name":"Mysterious Sphere","floor":46,"gold_loss":0}],"is_beta":false,"boss_relics":[{"not_picked":["Runic Dome","FrozenCore"],"picked":"Astrolabe"},{"not_picked":["Sozu","Snecko Eye"],"picked":"SacredBark"}],"items_purged_floors":[54],"is_endless":false,"potions_floor_spawned":[4,6,8,11,12,13,14,16,18,19,20,23,25,27,30,31,33,35,36,37,38,40,41,42,44,45,46,47,48,55],"ascension_level":20}