{"gold_per_floor":[155,188,221,252,44,74,74,93,93,151,151,151,176,215,215,291,291,307,344,380,422,60,60],"floor_reached":23,"playtime":3128,"items_purged":["Defend_B"],"score":430,"play_id":"67b5d918-33a3-44bb-93bd-cb3b02a8c05c","local_time":"20220211152003","is_ascension_mode":true,"campfire_choices":[{"data":"HandOfGreed","floor":7,"key":"SMITH"},{"floor":11,"key":"REST"},{"data":"Electrodynamics","floor":15,"key":"SMITH"}],"neow_cost":"TEN_PERCENT_HP_LOSS","seed_source_timestamp":17022583975200,"circlet_count":0,"master_deck":["AscendersBane","Strike_B","Strike_B","Strike_B","Strike_B","Defend_B","Defend_B","Defend_B","Zap","Dualcast","HandOfGreed+1","Leap","FTL","Hello World","Core Surge","Reinforced Body","Electrodynamics+1","Reinforced Body","Hologram","Seek","White Noise","Undo","Flash of Steel","Rebound"],"relics":["Cracked Core","Juzu Bracelet","Nunchaku","Happy Flower","GremlinMask","Singing Bowl","Sozu","Membership Card","Vajra"],"potions_floor_usage":[6,10,16,23],"damage_taken":[{"damage":9,"enemies":"Small Slimes","floor":1,"turns":5},{"damage":1,"enemies":"Cultist","floor":2,"turns":4},{"damage":2,"enemies":"Jaw Worm","floor":3,"turns":3},{"damage":13,"enemies":"Large Slime","floor":4,"turns":4},{"damage":11,"enemies":"Lagavulin","floor":6,"turns":6},{"damage":2,"enemies":"Red Slaver","floor":8,"turns":3},{"damage":20,"enemies":"3 Sentries","floor":10,"turns":7},{"damage":6,"enemies":"Lagavulin","floor":13,"turns":6},{"damage":2,"enemies":"Looter","floor":14,"turns":4},{"damage":6,"enemies":"The Guardian","floor":16,"turns":9},{"damage":0,"enemies":"3 Byrds","floor":18,"turns":2},{"damage":11,"enemies":"Spheric Guardian","floor":19,"turns":5},{"damage":0,"enemies":"Snecko","floor":20,"turns":8},{"damage":13,"enemies":"Centurion and Healer","floor":21,"turns":8},{"damage":31,"enemies":"Book of Stabbing","floor":23,"turns":4}],"seed_played":"6713104162491715012","potions_obtained":[{"floor":4,"key":"GamblersBrew"},{"floor":10,"key":"Strength Potion"},{"floor":13,"key":"DistilledChaos"},{"floor":16,"key":"DuplicationPotion"}],"is_trial":false,"path_per_floor":["M","M","M","M","$","E","R","M","T","E","R","?","E","M","R","B",null,"M","M","M","M","$","E"],"character_chosen":"DEFECT","items_purchased":["Core Surge","FearPotion","Membership Card","Vajra","Flash of Steel","Rebound"],"campfire_rested":1,"item_purchase_floors":[5,5,22,22,22,22],"current_hp_per_floor":[55,54,52,39,39,28,28,26,26,6,25,25,19,17,17,11,51,53,42,44,31,31,0],"gold":60,"neow_bonus":"RANDOM_COLORLESS_2","is_prod":false,"is_daily":false,"chose_seed":false,"campfire_upgraded":2,"win_rate":0,"timestamp":1644610803,"path_taken":["M","M","M","M","$","E","R","M","T","E","R","?","E","M","R","BOSS","M","M","M","M","$","E"],"build_version":"2020-12-22","purchased_purges":1,"victory":false,"max_hp_per_floor":[64,64,64,64,64,64,64,64,64,64,64,64,64,64,64,64,64,66,66,68,68,68,68],"relic_stats":{"Sozu":1,"Nunchaku":[8],"Happy Flower":[15],"Singing Bowl":4,"counters":[15,78],"Juzu Bracelet":0,"Membership Card":195,"obtain_stats":[{"Sozu":17,"Nunchaku":9,"Happy Flower":10,"Singing Bowl":13,"Vajra":22,"GremlinMask":12,"Juzu Bracelet":6,"Membership Card":22,"Cracked Core":0},{"Sozu":10,"Nunchaku":6,"Happy Flower":7,"Singing Bowl":8,"Vajra":14,"GremlinMask":7,"Juzu Bracelet":5,"Membership Card":14,"Cracked Core":0},{"Sozu":51,"Nunchaku":25,"Happy Flower":32,"Singing Bowl":38,"Vajra":74,"GremlinMask":32,"Juzu Bracelet":22,"Membership Card":74,"Cracked Core":0}]},"card_choices":[{"not_picked":["Panache","Violence"],"picked":"HandOfGreed","floor":0},{"not_picked":["Ball Lightning","Reprogram"],"picked":"Leap","floor":1},{"not_picked":["Glacier","Redo"],"picked":"FTL","floor":2},{"not_picked":["Gash","Tempest","Redo"],"picked":"SKIP","floor":3},{"not_picked":["Auto Shields","Recycle"],"picked":"Hello World","floor":4},{"not_picked":["Leap","Darkness"],"picked":"Reinforced Body","floor":6},{"not_picked":["BootSequence","Aggregate","Defragment"],"picked":"SKIP","floor":8},{"not_picked":["Skim","Streamline"],"picked":"Electrodynamics","floor":10},{"not_picked":["Stack","Lockon"],"picked":"Reinforced Body","floor":13},{"not_picked":["Tempest","Stack"],"picked":"Hologram","floor":14},{"not_picked":["Buffer","Meteor Strike"],"picked":"Seek","floor":16},{"not_picked":["Beam Cell","Conserve Battery","Loop"],"picked":"Singing Bowl","floor":18},{"not_picked":["Blizzard","Go for the Eyes"],"picked":"White Noise","floor":19},{"not_picked":["Defragment","Turbo","Redo"],"picked":"Singing Bowl","floor":20},{"not_picked":["Compile Driver","Fission"],"picked":"Undo","floor":21}],"player_experience":6228163,"relics_obtained":[{"floor":6,"key":"Juzu Bracelet"},{"floor":9,"key":"Nunchaku"},{"floor":10,"key":"Happy Flower"},{"floor":13,"key":"Singing Bowl"}],"event_choices":[{"damage_healed":0,"gold_gain":0,"player_choice":"Trade","damage_taken":0,"relics_obtained":["GremlinMask"],"max_hp_gain":0,"max_hp_loss":0,"event_name":"FaceTrader","floor":12,"gold_loss":0}],"is_beta":false,"boss_relics":[{"not_picked":["Velvet Choker","Black Star"],"picked":"Sozu"}],"items_purged_floors":[22],"is_endless":false,"potions_floor_spawned":[4,10,13,14,16,19],"killed_by":"Book of Stabbing","ascension_level":20}