{"gold_per_floor":[109,125,125,137,151,180,180,209,235,262,74,101,115,129,129,208,208,219,169,11,23,42,42,42],"floor_reached":24,"playtime":2991,"items_purged":["Strike_B"],"score":556,"play_id":"f4240582-dc01-47ce-a9ea-a391e8e4680b","local_time":"20220208135611","is_ascension_mode":true,"campfire_choices":[{"data":"Sweeping Beam","floor":7,"key":"SMITH"},{"data":"Defragment","floor":15,"key":"SMITH"},{"data":"Seek","floor":23,"key":"SMITH"}],"neow_cost":"TEN_PERCENT_HP_LOSS","seed_source_timestamp":1770694911630200,"circlet_count":0,"master_deck":["AscendersBane","Strike_B","Strike_B+1","Strike_B","Defend_B","Defend_B","Defend_B","Defend_B","Zap","Dualcast","Seek+1","Cold Snap","Sweeping Beam+1","Barrage","Ball Lightning+1","Compile Driver","Beam Cell","Coolheaded","Defragment+1","Steam+1","Genetic Algorithm+1","Core Surge","Self Repair","Redo+1","Consume+1"],"relics":["Cracked Core","Bronze Scales","Tiny Chest","Bag of Marbles","Whetstone","Toxic Egg 2","Runic Pyramid","DataDisk"],"potions_floor_usage":[6,8,10,24,24],"damage_taken":[{"damage":7,"enemies":"Jaw Worm","floor":1,"turns":3},{"damage":0,"enemies":"Cultist","floor":2,"turns":4},{"damage":0,"enemies":"2 Louse","floor":4,"turns":1},{"damage":7,"enemies":"Exordium Wildlife","floor":5,"turns":3},{"damage":0,"enemies":"Lagavulin","floor":6,"turns":4},{"damage":4,"enemies":"Gremlin Nob","floor":8,"turns":3},{"damage":19,"enemies":"3 Sentries","floor":10,"turns":5},{"damage":0,"enemies":"Gremlin Nob","floor":12,"turns":2},{"damage":2,"enemies":"Red Slaver","floor":13,"turns":2},{"damage":6,"enemies":"Blue Slaver","floor":14,"turns":3},{"damage":8,"enemies":"Slime Boss","floor":16,"turns":8},{"damage":19,"enemies":"Shell Parasite","floor":18,"turns":4},{"damage":3,"enemies":"3 Byrds","floor":21,"turns":2},{"damage":33,"enemies":"Snake Plant","floor":22,"turns":3},{"damage":37,"enemies":"Slavers","floor":24,"turns":3}],"seed_played":"1334348362347121604","potions_obtained":[{"floor":1,"key":"ColorlessPotion"},{"floor":2,"key":"FearPotion"},{"floor":8,"key":"SkillPotion"},{"floor":13,"key":"LiquidMemories"},{"floor":22,"key":"Block Potion"}],"is_trial":false,"path_per_floor":["M","M","?","M","M","E","R","E","T","E","$","E","M","M","R","B",null,"M","?","$","M","M","R","E"],"character_chosen":"DEFECT","items_purchased":["FairyPotion","DataDisk"],"campfire_rested":0,"item_purchase_floors":[11,20],"current_hp_per_floor":[57,57,57,57,50,50,50,46,46,27,27,27,25,19,19,11,51,32,32,32,29,26,26,0],"gold":42,"neow_bonus":"THREE_RARE_CARDS","is_prod":false,"is_daily":false,"chose_seed":false,"campfire_upgraded":3,"win_rate":0,"timestamp":1644346571,"path_taken":["M","M","?","M","?","E","R","E","T","E","$","E","M","M","R","BOSS","M","?","?","M","M","R","E"],"build_version":"2020-12-22","purchased_purges":1,"victory":false,"max_hp_per_floor":[64,64,64,64,64,64,64,64,64,64,64,64,64,64,64,64,64,64,64,64,64,64,64,64],"relic_stats":{"counters":[15,50],"Bronze Scales":[155],"Tiny Chest":0,"Whetstone":["Strike_B","Ball Lightning"],"obtain_stats":[{"DataDisk":20,"Bronze Scales":6,"Tiny Chest":8,"Bag of Marbles":9,"Whetstone":10,"Toxic Egg 2":12,"Cracked Core":0,"Runic Pyramid":17},{"DataDisk":12,"Bronze Scales":5,"Tiny Chest":6,"Bag of Marbles":6,"Whetstone":7,"Toxic Egg 2":8,"Cracked Core":0,"Runic Pyramid":11},{"DataDisk":42,"Bronze Scales":15,"Tiny Chest":18,"Bag of Marbles":18,"Whetstone":23,"Toxic Egg 2":25,"Cracked Core":0,"Runic Pyramid":38}]},"card_choices":[{"not_picked":["Creative AI","Rainbow"],"picked":"Seek","floor":0},{"not_picked":["Coolheaded","BootSequence"],"picked":"Cold Snap","floor":1},{"not_picked":["Coolheaded","Hologram"],"picked":"Sweeping Beam","floor":2},{"not_picked":["Go for the Eyes","Beam Cell"],"picked":"Ball Lightning","floor":4},{"not_picked":["Sweeping Beam","Coolheaded"],"picked":"Compile Driver","floor":5},{"not_picked":["Genetic Algorithm","White Noise"],"picked":"Beam Cell","floor":6},{"not_picked":["Lockon","Stack"],"picked":"Coolheaded","floor":8},{"not_picked":["Steam","Melter"],"picked":"Defragment","floor":10},{"not_picked":["Static Discharge","Beam Cell","Gash"],"picked":"SKIP","floor":12},{"not_picked":["Static Discharge","Beam Cell","Gash"],"picked":"SKIP","floor":12},{"not_picked":["Gash","Hello World"],"picked":"Steam+1","floor":13},{"not_picked":["Steam Power+1","Steam+1"],"picked":"Genetic Algorithm+1","floor":14},{"not_picked":["Meteor Strike","All For One"],"picked":"Core Surge","floor":16},{"not_picked":["Turbo+1","Compile Driver"],"picked":"Self Repair","floor":18},{"not_picked":["Barrage+1","Darkness+1"],"picked":"Redo+1","floor":21},{"not_picked":["Rebound","Redo+1"],"picked":"Consume+1","floor":22}],"player_experience":6153223,"relics_obtained":[{"floor":6,"key":"Bronze Scales"},{"floor":8,"key":"Tiny Chest"},{"floor":9,"key":"Bag of Marbles"},{"floor":10,"key":"Whetstone"},{"floor":12,"key":"Toxic Egg 2"}],"event_choices":[{"damage_healed":0,"gold_gain":0,"player_choice":"1 cards matched","damage_taken":0,"max_hp_gain":0,"max_hp_loss":0,"event_name":"Match and Keep!","floor":3,"gold_loss":0,"cards_obtained":["Barrage"]},{"damage_healed":0,"gold_gain":0,"player_choice":"Bet on Murderer","damage_taken":0,"max_hp_gain":0,"max_hp_loss":0,"event_name":"The Joust","floor":19,"gold_loss":50}],"is_beta":false,"boss_relics":[{"not_picked":["Ectoplasm","SacredBark"],"picked":"Runic Pyramid"}],"items_purged_floors":[11],"is_endless":false,"potions_floor_spawned":[1,2,4,8,13,21,22],"killed_by":"Slavers","ascension_level":20}