{"gold_per_floor":[15,15,32,49,60,92,92,120,120,120,120],"floor_reached":11,"playtime":1588,"items_purged":[],"score":170,"play_id":"ac08baaf-4a10-4919-aeca-6c319b276415","local_time":"20220208123431","is_ascension_mode":true,"campfire_choices":[{"data":"Zap","floor":7,"key":"SMITH"}],"neow_cost":"NO_GOLD","seed_source_timestamp":1767197801029700,"circlet_count":0,"master_deck":["AscendersBane","Strike_B","Strike_B","Strike_B","Defend_B","Defend_B","Defend_B","Defend_B","Zap+1","Dualcast","Hologram","Conserve Battery","Ball Lightning","Glacier","Coolheaded","Doom and Gloom"],"relics":["Cracked Core","Orichalcum","Bottled Flame","Ginger"],"potions_floor_usage":[6,10],"damage_taken":[{"damage":9,"enemies":"Jaw Worm","floor":1,"turns":4},{"damage":0,"enemies":"Cultist","floor":3,"turns":3},{"damage":0,"enemies":"Small Slimes","floor":4,"turns":4},{"damage":5,"enemies":"2 Fungi Beasts","floor":5,"turns":3},{"damage":11,"enemies":"Gremlin Nob","floor":6,"turns":3},{"damage":14,"enemies":"3 Sentries","floor":8,"turns":10},{"damage":0,"enemies":"Exordium Wildlife","floor":10,"turns":1},{"damage":52,"enemies":"Gremlin Nob","floor":11,"turns":4}],"seed_played":"-392668157510415992","potions_obtained":[{"floor":5,"key":"ColorlessPotion"},{"floor":8,"key":"SmokeBomb"}],"is_trial":false,"path_per_floor":["M","?","M","M","M","E","R","E","T","M","E"],"character_chosen":"DEFECT","items_purchased":[],"campfire_rested":0,"item_purchase_floors":[],"current_hp_per_floor":[69,69,69,69,64,53,53,39,39,39,0],"gold":120,"neow_bonus":"TWENTY_PERCENT_HP_BONUS","is_prod":false,"is_daily":false,"chose_seed":false,"campfire_upgraded":1,"win_rate":0,"timestamp":1644341671,"path_taken":["M","?","M","?","M","E","R","E","T","M","E"],"build_version":"2020-12-22","purchased_purges":0,"victory":false,"max_hp_per_floor":[85,85,85,85,85,85,85,85,85,85,85],"relic_stats":{"Bottled Flame":"Doom and Gloom","counters":[8,32],"Ginger":[0],"Orichalcum":[30],"obtain_stats":[{"Bottled Flame":8,"Ginger":9,"Orichalcum":6,"Cracked Core":0},{"Bottled Flame":6,"Ginger":6,"Orichalcum":5,"Cracked Core":0},{"Bottled Flame":27,"Ginger":27,"Orichalcum":17,"Cracked Core":0}]},"card_choices":[{"not_picked":["Turbo","Sweeping Beam"],"picked":"Hologram","floor":1},{"not_picked":["Stack","Steam"],"picked":"Conserve Battery","floor":3},{"not_picked":["Leap","Redo"],"picked":"Ball Lightning","floor":4},{"not_picked":["Fission","Loop"],"picked":"Glacier","floor":5},{"not_picked":["Force Field","BootSequence"],"picked":"Coolheaded","floor":6},{"not_picked":["Streamline","Cold Snap"],"picked":"Doom and Gloom","floor":8}],"player_experience":6150140,"relics_obtained":[{"floor":6,"key":"Orichalcum"},{"floor":8,"key":"Bottled Flame"},{"floor":9,"key":"Ginger"}],"event_choices":[{"cards_removed":["Strike_B"],"damage_healed":0,"gold_gain":0,"player_choice":"Offered Basic","damage_taken":0,"max_hp_gain":0,"max_hp_loss":0,"event_name":"Bonfire Elementals","floor":2,"gold_loss":0}],"is_beta":false,"boss_relics":[],"items_purged_floors":[],"is_endless":false,"potions_floor_spawned":[5,8],"killed_by":"Gremlin Nob","ascension_level":20}