{"gold_per_floor":[12,31,44,44,44,44,44,44,44,78,97,97,123,138,138,210,210,227,142,169,169,186,186,216,216,216,2,2,18,33,65,65,139,139,153,153,4,16,0,28,73,101,124,124,159,159,184,197,197,197,197,197,197,14,42,42],"floor_reached":56,"playtime":5589,"items_purged":["Strike_B","Strike_B","Strike_B"],"score":2008,"play_id":"41b4e397-cdca-4af7-a7fa-8fb9b830ee9e","local_time":"20220215183118","is_ascension_mode":true,"campfire_choices":[{"data":"Darkness","floor":6,"key":"SMITH"},{"data":"Rip and Tear","floor":8,"key":"SMITH"},{"data":"Multi-Cast","floor":12,"key":"SMITH"},{"floor":15,"key":"REST"},{"data":"Seek","floor":23,"key":"SMITH"},{"data":"Self Repair","floor":25,"key":"SMITH"},{"floor":32,"key":"REST"},{"floor":44,"key":"REST"},{"floor":49,"key":"RECALL"},{"data":"Coolheaded","floor":53,"key":"SMITH"}],"neow_cost":"NO_GOLD","seed_source_timestamp":371637350645600,"circlet_count":0,"master_deck":["AscendersBane","Defend_B+1","Defend_B","Defend_B","Defend_B","Zap+1","Dualcast","Darkness+1","Rip and Tear+1","Beam Cell","Multi-Cast+1","Rip and Tear+1","Beam Cell+1","Seek+1","Reinforced Body","Genetic Algorithm","Rip and Tear+1","Rebound+1","Cold Snap+1","White Noise+1","Rainbow","Core Surge+1","Blind","Master of Strategy","Secret Technique","Undo","Lockon+1","Consume+1","Skim","Coolheaded+1","Cold Snap+1","Hologram","Redo","Stack+1"],"relics":["Cracked Core","Molten Egg 2","The Courier","Anchor","Du-Vu Doll","Sozu","Torii","Pantograph","Shuriken","ClockworkSouvenir","War Paint","Nuclear Battery","Red Mask","Lizard Tail","Turnip","Mercury Hourglass","Toy Ornithopter","DataDisk","Unceasing Top","Bag of Preparation"],"potions_floor_usage":[13,24,56],"damage_taken":[{"damage":0,"enemies":"Cultist","floor":1,"turns":3},{"damage":7,"enemies":"Jaw Worm","floor":2,"turns":4},{"damage":7,"enemies":"Small Slimes","floor":3,"turns":3},{"damage":15,"enemies":"Lagavulin","floor":10,"turns":6},{"damage":2,"enemies":"Exordium Thugs","floor":11,"turns":4},{"damage":35,"enemies":"3 Sentries","floor":13,"turns":7},{"damage":0,"enemies":"3 Louse","floor":14,"turns":2},{"damage":0,"enemies":"Slime Boss","floor":16,"turns":5},{"damage":1,"enemies":"3 Byrds","floor":18,"turns":5},{"damage":0,"enemies":"Chosen","floor":22,"turns":3},{"damage":46,"enemies":"Slavers","floor":24,"turns":6},{"damage":7,"enemies":"3 Cultists","floor":29,"turns":4},{"damage":10,"enemies":"Snake Plant","floor":30,"turns":4},{"damage":32,"enemies":"Book of Stabbing","floor":31,"turns":4},{"damage":58,"enemies":"Automaton","floor":33,"turns":8},{"damage":2,"enemies":"3 Shapes","floor":35,"turns":10},{"damage":29,"enemies":"3 Darklings","floor":38,"turns":5},{"damage":2,"enemies":"Giant Head","floor":40,"turns":6},{"damage":50,"enemies":"2 Orb Walkers","floor":41,"turns":5},{"damage":58,"enemies":"Reptomancer","floor":42,"turns":4},{"damage":15,"enemies":"Nemesis","floor":45,"turns":5},{"damage":0,"enemies":"Mind Bloom Boss Battle","floor":47,"turns":4},{"damage":0,"enemies":"4 Shapes","floor":48,"turns":5},{"damage":57,"enemies":"Donu and Deca","floor":50,"turns":12},{"damage":3,"enemies":"Awakened One","floor":51,"turns":27},{"damage":46,"enemies":"Shield and Spear","floor":55,"turns":9},{"damage":60,"enemies":"The Heart","floor":56,"turns":8}],"seed_played":"-2628094697753533272","potions_obtained":[{"floor":2,"key":"FearPotion"},{"floor":10,"key":"SmokeBomb"},{"floor":11,"key":"SneckoOil"},{"floor":13,"key":"BlessingOfTheForge"},{"floor":14,"key":"Explosive Potion"}],"is_trial":false,"path_per_floor":["M","M","M","?","?","R","T","R","T","E","M","R","E","M","R","B",null,"M","?","T","?","M","R","E","R","T","$","?","M","M","E","R","B",null,"M","?","$","M","?","E","?","E","T","R","E","?","?","M","R","B","B",null,"R","$","E","B"],"character_chosen":"DEFECT","items_purchased":["Rebound+1","ClockworkSouvenir","Undo","Hologram","Redo"],"campfire_rested":3,"item_purchase_floors":[27,27,37,54,54],"current_hp_per_floor":[78,71,64,64,57,57,57,57,57,42,40,40,12,19,44,51,77,83,83,83,83,83,83,44,44,44,44,44,47,47,25,50,27,71,85,75,75,56,56,64,24,25,25,50,45,45,70,70,70,28,50,76,76,76,30,0],"gold":42,"neow_bonus":"TWENTY_PERCENT_HP_BONUS","is_prod":false,"is_daily":false,"chose_seed":false,"campfire_upgraded":6,"win_rate":0,"timestamp":1644967878,"path_taken":["M","M","M","?","?","R","?","R","T","E","M","R","E","M","R","BOSS","M","?","?","?","M","R","E","R","T","$","?","M","M","E","R","BOSS","M","?","$","M","?","E","?","E","T","R","E","?","?","M","R","BOSS","BOSS","R","$","E","BOSS"],"build_version":"2020-12-22","purchased_purges":3,"victory":false,"max_hp_per_floor":[85,85,85,85,85,85,85,85,85,85,85,85,85,85,85,85,85,85,85,85,85,85,85,85,85,85,85,85,85,85,85,85,85,85,85,85,85,85,85,85,85,85,85,85,85,85,85,85,85,85,85,85,85,85,85,85],"relic_stats":{"Torii":82,"counters":[27,168],"The Courier":136,"Bag of Preparation":[2],"War Paint":["Defend_B","Zap"],"Mercury Hourglass":[231],"Sozu":5,"Lizard Tail":42,"Shuriken":[21],"Pantograph":115,"Turnip":[2],"obtain_stats":[{"Torii":19,"The Courier":9,"Bag of Preparation":55,"War Paint":31,"ClockworkSouvenir":27,"Nuclear Battery":34,"Mercury Hourglass":42,"Du-Vu Doll":13,"Sozu":17,"Anchor":10,"Lizard Tail":40,"DataDisk":45,"Shuriken":26,"Pantograph":24,"Molten Egg 2":7,"Turnip":41,"Red Mask":39,"Cracked Core":0,"Toy Ornithopter":43,"Unceasing Top":47},{"Torii":9,"The Courier":3,"Bag of Preparation":26,"War Paint":14,"ClockworkSouvenir":11,"Nuclear Battery":15,"Mercury Hourglass":20,"Du-Vu Doll":6,"Sozu":8,"Anchor":4,"Lizard Tail":18,"DataDisk":21,"Shuriken":11,"Pantograph":11,"Molten Egg 2":3,"Turnip":19,"Red Mask":17,"Cracked Core":0,"Toy Ornithopter":20,"Unceasing Top":22},{"Torii":39,"The Courier":10,"Bag of Preparation":160,"War Paint":60,"ClockworkSouvenir":48,"Nuclear Battery":68,"Mercury Hourglass":98,"Du-Vu Doll":27,"Sozu":34,"Anchor":16,"Lizard Tail":89,"DataDisk":103,"Shuriken":48,"Pantograph":48,"Molten Egg 2":10,"Turnip":94,"Red Mask":83,"Cracked Core":0,"Toy Ornithopter":98,"Unceasing Top":107}],"Toy Ornithopter":5,"Unceasing Top":[6]},"card_choices":[{"not_picked":["Hologram","Conserve Battery"],"picked":"Darkness","floor":1},{"not_picked":["Leap","Tempest"],"picked":"Rip and Tear","floor":2},{"not_picked":["Streamline","Gash"],"picked":"Beam Cell","floor":3},{"not_picked":["Steam Power","Loop"],"picked":"Multi-Cast","floor":10},{"not_picked":["Double Energy","Stack"],"picked":"Self Repair","floor":11},{"not_picked":["Redo","Leap"],"picked":"Rip and Tear+1","floor":13},{"not_picked":["Melter+1","Turbo"],"picked":"Beam Cell+1","floor":14},{"not_picked":["Multi-Cast","Biased Cognition"],"picked":"Seek","floor":16},{"not_picked":["Compile Driver+1","Genetic Algorithm"],"picked":"Reinforced Body","floor":18},{"not_picked":["Coolheaded","Hello World"],"picked":"Genetic Algorithm","floor":22},{"not_picked":["Hello World+1","Steam"],"picked":"Rip and Tear+1","floor":24},{"not_picked":["Storm","Blizzard+1"],"picked":"Cold Snap+1","floor":29},{"not_picked":["Turbo","Gash+1"],"picked":"White Noise+1","floor":30},{"not_picked":["Cold Snap+1","Defragment"],"picked":"Rainbow","floor":31},{"not_picked":["All For One+1","Thunder Strike+1"],"picked":"Core Surge+1","floor":33},{"not_picked":["Leap","Conserve Battery","BootSequence"],"picked":"SKIP","floor":35},{"not_picked":["Mayhem","Violence"],"picked":"Blind","floor":36},{"not_picked":["Metamorphosis","Violence"],"picked":"Master of Strategy","floor":36},{"not_picked":["Swift Strike+1","Bandage Up"],"picked":"Secret Technique","floor":36},{"not_picked":["Leap","Hologram"],"picked":"Lockon+1","floor":38},{"not_picked":["Storm","BootSequence","Core Surge+1"],"picked":"SKIP","floor":40},{"not_picked":["Turbo","Compile Driver+1"],"picked":"Consume+1","floor":41},{"not_picked":["Heatsinks+1","FTL+1"],"picked":"Skim","floor":42},{"not_picked":["Heatsinks+1","Self Repair"],"picked":"Coolheaded","floor":45},{"not_picked":["Compile Driver+1","Stack"],"picked":"Cold Snap+1","floor":47},{"not_picked":["Sweeping Beam+1","Auto Shields","Steam"],"picked":"SKIP","floor":48},{"not_picked":["Leap+1","Barrage+1"],"picked":"Stack+1","floor":55}],"player_experience":6269130,"relics_obtained":[{"floor":7,"key":"Molten Egg 2"},{"floor":9,"key":"The Courier"},{"floor":10,"key":"Anchor"},{"floor":13,"key":"Du-Vu Doll"},{"floor":24,"key":"Pantograph"},{"floor":26,"key":"Shuriken"},{"floor":31,"key":"War Paint"},{"floor":40,"key":"Lizard Tail"},{"floor":41,"key":"Turnip"},{"floor":42,"key":"Mercury Hourglass"},{"floor":43,"key":"Toy Ornithopter"},{"floor":45,"key":"DataDisk"},{"floor":47,"key":"Unceasing Top"},{"floor":55,"key":"Bag of Preparation"}],"event_choices":[{"damage_healed":0,"gold_gain":0,"player_choice":"Ignored","damage_taken":0,"max_hp_gain":0,"max_hp_loss":0,"event_name":"Liars Game","floor":4,"gold_loss":0},{"cards_removed":["Strike_B"],"damage_healed":0,"gold_gain":0,"player_choice":"Card Removal","damage_taken":7,"max_hp_gain":0,"max_hp_loss":0,"event_name":"Golden Wing","floor":5,"gold_loss":0},{"damage_healed":0,"gold_gain":0,"player_choice":"Obtained Relic","damage_taken":0,"relics_obtained":["Torii"],"max_hp_gain":0,"max_hp_loss":0,"event_name":"Addict","floor":19,"gold_loss":85},{"damage_healed":0,"gold_gain":0,"player_choice":"Ignored","damage_taken":0,"max_hp_gain":0,"max_hp_loss":0,"event_name":"The Mausoleum","floor":21,"gold_loss":0},{"damage_healed":0,"gold_gain":0,"player_choice":"Ignored","damage_taken":0,"max_hp_gain":0,"max_hp_loss":0,"event_name":"Vampires","floor":28,"gold_loss":0},{"damage_healed":0,"gold_gain":0,"player_choice":"Memory 3","damage_taken":10,"max_hp_gain":0,"max_hp_loss":0,"event_name":"SensoryStone","floor":36,"gold_loss":0},{"damage_healed":0,"gold_gain":0,"player_choice":"Paid","damage_taken":0,"relics_obtained":["Red Mask"],"max_hp_gain":0,"max_hp_loss":0,"event_name":"Tomb of Lord Red Mask","floor":39,"gold_loss":16},{"damage_healed":0,"gold_gain":0,"player_choice":"Fight","damage_taken":0,"max_hp_gain":0,"max_hp_loss":0,"event_name":"Mysterious Sphere","floor":41,"gold_loss":0},{"cards_removed":["Self Repair"],"damage_healed":0,"gold_gain":0,"player_choice":"Removed Power","damage_taken":0,"max_hp_gain":0,"max_hp_loss":0,"event_name":"Falling","floor":46,"gold_loss":0},{"damage_healed":0,"gold_gain":0,"player_choice":"Fight","damage_taken":0,"max_hp_gain":0,"max_hp_loss":0,"event_name":"MindBloom","floor":47,"gold_loss":0}],"is_beta":false,"boss_relics":[{"not_picked":["Fusion Hammer","Velvet Choker"],"picked":"Sozu"},{"not_picked":["SacredBark","Empty Cage"],"picked":"Nuclear Battery"}],"items_purged_floors":[27,37,54],"is_endless":false,"potions_floor_spawned":[2,10,11,13,14,24,30,35,40,45],"killed_by":"The Heart","ascension_level":20}