{"gold_per_floor":[109,121,136,153,163,163,191,191,191,191,223,223,237,252,252,328,328,347,364,377,377,392,392],"floor_reached":23,"playtime":2104,"items_purged":[],"score":414,"play_id":"53aeed5f-6a25-4977-a666-a68e71d0f8f7","local_time":"20220209165348","is_ascension_mode":true,"campfire_choices":[{"data":"Sunder","floor":6,"key":"SMITH"},{"data":"Sweeping Beam","floor":8,"key":"SMITH"},{"floor":10,"key":"REST"},{"data":"Chaos","floor":12,"key":"SMITH"},{"floor":15,"key":"REST"}],"neow_cost":"NONE","seed_source_timestamp":1868638634440300,"circlet_count":0,"master_deck":["AscendersBane","Strike_B","Strike_B","Strike_B","Strike_B","Defend_B","Defend_B","Defend_B","Defend_B","Zap","Dualcast","Sweeping Beam+1","Sunder+1","Leap","Cold Snap","Chaos+1","Capacitor","Compile Driver","Cold Snap","Rainbow","Chill","Beam Cell","Hologram"],"relics":["Cursed Key","Calipers","Akabeko","Black Star"],"potions_floor_usage":[7,11,19,22],"damage_taken":[{"damage":1,"enemies":"Cultist","floor":1,"turns":4},{"damage":2,"enemies":"Small Slimes","floor":2,"turns":3},{"damage":9,"enemies":"2 Louse","floor":3,"turns":2},{"damage":4,"enemies":"2 Fungi Beasts","floor":4,"turns":3},{"damage":11,"enemies":"Blue Slaver","floor":5,"turns":3},{"damage":24,"enemies":"Lagavulin","floor":7,"turns":9},{"damage":28,"enemies":"Gremlin Nob","floor":11,"turns":5},{"damage":0,"enemies":"Large Slime","floor":13,"turns":3},{"damage":0,"enemies":"Lots of Slimes","floor":14,"turns":1},{"damage":9,"enemies":"Slime Boss","floor":16,"turns":9},{"damage":7,"enemies":"Chosen","floor":18,"turns":5},{"damage":1,"enemies":"2 Thieves","floor":19,"turns":3},{"damage":0,"enemies":"Centurion and Healer","floor":20,"turns":5},{"damage":26,"enemies":"Chosen and Byrds","floor":22,"turns":8},{"damage":28,"enemies":"Book of Stabbing","floor":23,"turns":5}],"seed_played":"838439308772892517","potions_obtained":[{"floor":4,"key":"Regen Potion"},{"floor":7,"key":"Weak Potion"},{"floor":16,"key":"SkillPotion"},{"floor":20,"key":"AttackPotion"}],"is_trial":false,"path_per_floor":["M","M","M","M","M","R","E","R","T","R","E","R","M","M","R","B",null,"M","M","M","T","M","E"],"character_chosen":"DEFECT","items_purchased":[],"campfire_rested":2,"item_purchase_floors":[],"current_hp_per_floor":[63,61,52,48,37,37,28,28,28,49,21,21,21,21,42,33,62,55,54,54,54,28,0],"gold":392,"neow_bonus":"BOSS_RELIC","is_prod":false,"is_daily":false,"chose_seed":false,"campfire_upgraded":3,"win_rate":0,"timestamp":1644443628,"path_taken":["M","M","M","M","M","R","E","R","T","R","E","R","M","M","R","BOSS","M","?","M","?","M","E"],"build_version":"2020-12-22","purchased_purges":0,"victory":false,"max_hp_per_floor":[71,71,71,71,71,71,71,71,71,71,71,71,71,71,71,71,71,71,71,71,71,71,71],"relic_stats":{"Calipers":[8],"counters":[15,68],"Black Star":0,"Cursed Key":0,"obtain_stats":[{"Calipers":7,"Black Star":17,"Cracked Core":0,"Cursed Key":0,"Akabeko":11},{"Calipers":6,"Black Star":10,"Cracked Core":0,"Cursed Key":0,"Akabeko":7},{"Calipers":24,"Black Star":42,"Cracked Core":0,"Cursed Key":0,"Akabeko":29}]},"card_choices":[{"not_picked":["Compile Driver","Coolheaded"],"picked":"Sweeping Beam","floor":1},{"not_picked":["Scrape","Force Field"],"picked":"Sunder","floor":2},{"not_picked":["Ball Lightning","Streamline"],"picked":"Leap","floor":3},{"not_picked":["Gash","Fusion","Redo"],"picked":"SKIP","floor":4},{"not_picked":["Streamline","Barrage"],"picked":"Cold Snap","floor":5},{"not_picked":["Turbo","Ball Lightning"],"picked":"Chaos","floor":7},{"not_picked":["Chaos","Go for the Eyes"],"picked":"Capacitor","floor":11},{"not_picked":["Stack","Gash"],"picked":"Compile Driver","floor":13},{"not_picked":["Redo","Aggregate"],"picked":"Cold Snap","floor":14},{"not_picked":["Hyperbeam","Multi-Cast"],"picked":"Rainbow","floor":16},{"not_picked":["Gash","BootSequence"],"picked":"Chill","floor":18},{"not_picked":["Coolheaded","Loop"],"picked":"Beam Cell","floor":19},{"not_picked":["Turbo+1","Streamline","Steam"],"picked":"SKIP","floor":20},{"not_picked":["Rip and Tear","Aggregate"],"picked":"Hologram","floor":22}],"player_experience":6186293,"relics_obtained":[{"floor":7,"key":"Calipers"},{"floor":11,"key":"Akabeko"}],"event_choices":[],"is_beta":false,"boss_relics":[{"not_picked":["Ectoplasm","Velvet Choker"],"picked":"Black Star"}],"items_purged_floors":[],"is_endless":false,"potions_floor_spawned":[4,7,16,20],"killed_by":"Book of Stabbing","ascension_level":20}