{"gold_per_floor":[111,8,8,83,48,77,77,77,77,77,102,112,126,160,160,231,231,243,243,64,83,100,100],"floor_reached":23,"playtime":1495,"items_purged":["Strike_B","Defend_B"],"score":514,"play_id":"b3b0fb68-acf9-417f-a049-4f0426e132ac","local_time":"20220208125937","is_ascension_mode":true,"campfire_choices":[{"data":"Streamline","floor":7,"key":"SMITH"},{"data":"Conserve Battery","floor":10,"key":"SMITH"},{"data":"Reboot","floor":15,"key":"SMITH"}],"neow_cost":"NONE","seed_source_timestamp":1768797301607900,"circlet_count":0,"master_deck":["AscendersBane","Strike_B","Strike_B","Strike_B","Defend_B","Defend_B","Defend_B","Zap","Dualcast","Streamline+1","Conserve Battery+1","Rebound","Compile Driver","Compile Driver","Reboot+1","Biased Cognition+1","Aggregate","Ghostly","Ghostly","Ghostly","Fusion","Coolheaded","Beam Cell"],"relics":["Cracked Core","NeowsBlessing","Singing Bowl","Centennial Puzzle","Symbiotic Virus","Nunchaku","Frozen Egg 2","Coffee Dripper"],"potions_floor_usage":[16,23],"damage_taken":[{"damage":0,"enemies":"Cultist","floor":1,"turns":1},{"damage":0,"enemies":"3 Sentries","floor":6,"turns":1},{"damage":0,"enemies":"Gremlin Nob","floor":11,"turns":1},{"damage":4,"enemies":"2 Louse","floor":12,"turns":2},{"damage":3,"enemies":"Small Slimes","floor":13,"turns":2},{"damage":15,"enemies":"Lagavulin","floor":14,"turns":4},{"damage":23,"enemies":"Slime Boss","floor":16,"turns":5},{"damage":10,"enemies":"Shell Parasite","floor":18,"turns":4},{"damage":2,"enemies":"2 Thieves","floor":21,"turns":3},{"damage":0,"enemies":"3 Cultists","floor":22,"turns":4},{"damage":51,"enemies":"Gremlin Leader","floor":23,"turns":9}],"seed_played":"-3290827531649784145","potions_obtained":[{"floor":6,"key":"AttackPotion"},{"floor":11,"key":"ColorlessPotion"},{"floor":16,"key":"FairyPotion"},{"floor":21,"key":"LiquidMemories"}],"is_trial":false,"path_per_floor":["M","$","?","?","?","E","R","$","T","R","E","M","M","E","R","B",null,"M","?","$","M","M","E"],"character_chosen":"DEFECT","items_purchased":["Conserve Battery","Fusion"],"campfire_rested":0,"item_purchase_floors":[2,20],"current_hp_per_floor":[64,64,46,35,52,52,52,52,52,52,52,48,47,32,32,9,57,47,36,36,34,34,0],"gold":100,"neow_bonus":"THREE_ENEMY_KILL","is_prod":false,"is_daily":false,"chose_seed":false,"campfire_upgraded":3,"win_rate":0,"timestamp":1644343177,"path_taken":["M","$","?","?","?","E","R","?","T","R","E","?","M","E","R","BOSS","M","?","$","M","M","E"],"build_version":"2020-12-22","purchased_purges":2,"victory":false,"max_hp_per_floor":[71,71,71,71,71,71,71,71,71,71,71,71,73,73,73,73,73,73,36,36,36,36,36],"relic_stats":{"Centennial Puzzle":[21],"Nunchaku":[5],"Singing Bowl":2,"counters":[11,36],"obtain_stats":[{"Centennial Puzzle":6,"Nunchaku":11,"NeowsBlessing":0,"Singing Bowl":3,"Coffee Dripper":17,"Frozen Egg 2":14,"Cracked Core":0,"Symbiotic Virus":9},{"Centennial Puzzle":2,"Nunchaku":3,"NeowsBlessing":0,"Singing Bowl":1,"Coffee Dripper":7,"Frozen Egg 2":6,"Cracked Core":0,"Symbiotic Virus":2},{"Centennial Puzzle":2,"Nunchaku":3,"NeowsBlessing":0,"Singing Bowl":1,"Coffee Dripper":16,"Frozen Egg 2":11,"Cracked Core":0,"Symbiotic Virus":2}]},"card_choices":[{"not_picked":["Coolheaded","Skim"],"picked":"Streamline","floor":1},{"not_picked":["Reprogram","Melter"],"picked":"Rebound","floor":6},{"not_picked":["Ball Lightning","Gash"],"picked":"Compile Driver","floor":11},{"not_picked":["Leap","FTL"],"picked":"Compile Driver","floor":12},{"not_picked":["Double Energy","Go for the Eyes","Steam Power"],"picked":"Singing Bowl","floor":13},{"not_picked":["Storm+1","Redo"],"picked":"Reboot","floor":14},{"not_picked":["Hyperbeam","Amplify"],"picked":"Biased Cognition+1","floor":16},{"not_picked":["Streamline","Rebound"],"picked":"Aggregate","floor":18},{"not_picked":["Barrage","Double Energy"],"picked":"Coolheaded","floor":21},{"not_picked":["Chill+1","Sunder"],"picked":"Beam Cell","floor":22}],"player_experience":6151728,"relics_obtained":[{"floor":6,"key":"Centennial Puzzle"},{"floor":9,"key":"Symbiotic Virus"},{"floor":11,"key":"Nunchaku"},{"floor":14,"key":"Frozen Egg 2"}],"event_choices":[{"damage_healed":0,"gold_gain":0,"player_choice":"Success","damage_taken":18,"relics_obtained":["Singing Bowl"],"max_hp_gain":0,"max_hp_loss":0,"event_name":"Scrap Ooze","floor":3,"gold_loss":0},{"damage_healed":0,"gold_gain":75,"player_choice":"Gather Gold","damage_taken":11,"max_hp_gain":0,"max_hp_loss":0,"event_name":"World of Goop","floor":4,"gold_loss":0},{"damage_healed":17,"gold_gain":0,"player_choice":"Healed","damage_taken":0,"max_hp_gain":0,"max_hp_loss":0,"event_name":"The Cleric","floor":5,"gold_loss":35},{"damage_healed":0,"gold_gain":0,"player_choice":"Became a Ghost","damage_taken":0,"max_hp_gain":0,"max_hp_loss":37,"event_name":"Ghosts","floor":19,"gold_loss":0,"cards_obtained":["Ghostly","Ghostly","Ghostly"]}],"is_beta":false,"boss_relics":[{"not_picked":["Ectoplasm","Sozu"],"picked":"Coffee Dripper"}],"items_purged_floors":[2,20],"is_endless":false,"potions_floor_spawned":[6,11,13,14,16,21],"killed_by":"Gremlin Leader","ascension_level":20}