{"gold_per_floor":[112,130,143,29,29,54,24,44,115,149,159,174,203,223,223,299,299,309,323,323,333,343,343,86,106,129,145,177,30,64,77,77,154,154,169,186,197,222,242,267,267,292,347,347,374,374,389,423,423,423,423,423,423,51,82,82],"floor_reached":57,"playtime":5849,"items_purged":["Strike_B","Zap"],"score":3226,"play_id":"07dd3c4c-f43e-4061-b97f-bb0b0b830e09","local_time":"20220209183305","is_ascension_mode":true,"campfire_choices":[{"data":"Darkness","floor":15,"key":"SMITH"},{"floor":23,"key":"REST"},{"data":"Genetic Algorithm","floor":32,"key":"SMITH"},{"data":"Hologram","floor":41,"key":"SMITH"},{"data":"Hologram","floor":44,"key":"SMITH"},{"floor":46,"key":"RECALL"},{"data":"Sunder","floor":49,"key":"SMITH"},{"floor":53,"key":"DIG"}],"neow_cost":"NONE","seed_source_timestamp":1870832573650000,"circlet_count":0,"master_deck":["AscendersBane","Strike_B","Strike_B","Strike_B","Defend_B","Defend_B","Defend_B","Defend_B+1","Dualcast","Doom and Gloom","Doom and Gloom","Auto Shields+1","Machine Learning","Conserve Battery","Force Field","Darkness+1","Core Surge","Sunder+1","Glacier","Genetic Algorithm+1","Hologram+1","Force Field+1","Self Repair","Hologram+1","Conserve Battery+1","Echo Form","Genetic Algorithm+1"],"relics":["Snecko Eye","Calipers","Kunai","Anchor","Singing Bowl","SlaversCollar","Nloth\u0027s Gift","ClockworkSouvenir","Vajra","Shovel","Thread and Needle","Sozu","Pocketwatch","War Paint","Bottled Flame","Darkstone Periapt","Nunchaku","Pantograph","Cables","Orichalcum"],"potions_floor_usage":[10,13,18,22,28,28,30,33,56],"damage_taken":[{"damage":0,"enemies":"2 Louse","floor":1,"turns":4},{"damage":0,"enemies":"Cultist","floor":2,"turns":2},{"damage":0,"enemies":"Small Slimes","floor":3,"turns":2},{"damage":30,"enemies":"Gremlin Nob","floor":6,"turns":4},{"damage":0,"enemies":"2 Fungi Beasts","floor":8,"turns":1},{"damage":0,"enemies":"Lagavulin","floor":10,"turns":4},{"damage":11,"enemies":"Exordium Thugs","floor":11,"turns":5},{"damage":0,"enemies":"Gremlin Gang","floor":12,"turns":1},{"damage":0,"enemies":"Gremlin Nob","floor":13,"turns":3},{"damage":0,"enemies":"Exordium Wildlife","floor":14,"turns":3},{"damage":15,"enemies":"Slime Boss","floor":16,"turns":7},{"damage":3,"enemies":"2 Thieves","floor":18,"turns":4},{"damage":7,"enemies":"Chosen","floor":19,"turns":4},{"damage":14,"enemies":"Centurion and Healer","floor":21,"turns":5},{"damage":14,"enemies":"Shelled Parasite and Fungi","floor":22,"turns":5},{"damage":14,"enemies":"Snake Plant","floor":25,"turns":4},{"damage":0,"enemies":"3 Cultists","floor":27,"turns":4},{"damage":8,"enemies":"Book of Stabbing","floor":28,"turns":3},{"damage":0,"enemies":"Slavers","floor":30,"turns":5},{"damage":0,"enemies":"Centurion and Healer","floor":31,"turns":7},{"damage":10,"enemies":"Collector","floor":33,"turns":10},{"damage":1,"enemies":"Orb Walker","floor":35,"turns":3},{"damage":0,"enemies":"3 Shapes","floor":36,"turns":5},{"damage":27,"enemies":"Jaw Worm Horde","floor":37,"turns":6},{"damage":0,"enemies":"Mind Bloom Boss Battle","floor":38,"turns":7},{"damage":0,"enemies":"3 Darklings","floor":39,"turns":5},{"damage":37,"enemies":"Nemesis","floor":40,"turns":15},{"damage":27,"enemies":"Giant Head","floor":42,"turns":9},{"damage":11,"enemies":"Reptomancer","floor":45,"turns":5},{"damage":0,"enemies":"Maw","floor":47,"turns":7},{"damage":0,"enemies":"Nemesis","floor":48,"turns":7},{"damage":3,"enemies":"Time Eater","floor":50,"turns":13},{"damage":0,"enemies":"Donu and Deca","floor":51,"turns":15},{"damage":0,"enemies":"Shield and Spear","floor":55,"turns":9},{"damage":16,"enemies":"The Heart","floor":56,"turns":11}],"seed_played":"6976356535491167424","potions_obtained":[{"floor":3,"key":"Explosive Potion"},{"floor":7,"key":"Block Potion"},{"floor":10,"key":"LiquidBronze"},{"floor":11,"key":"CultistPotion"},{"floor":14,"key":"SteroidPotion"},{"floor":18,"key":"GamblersBrew"},{"floor":25,"key":"Weak Potion"},{"floor":27,"key":"LiquidMemories"},{"floor":30,"key":"DistilledChaos"}],"is_trial":false,"path_per_floor":["M","M","M","$","?","E","?","M","T","E","M","M","E","M","R","B",null,"M","M","?","M","M","R","$","M","T","M","E","$","E","M","R","B",null,"M","M","M","?","M","E","R","E","T","R","E","R","M","E","R","B","B",null,"R","$","E","B",null],"character_chosen":"DEFECT","items_purchased":["Auto Shields","Genetic Algorithm","ClockworkSouvenir","Fire Potion","SpeedPotion","Self Repair","Cables"],"campfire_rested":1,"item_purchase_floors":[4,24,24,29,29,29,54],"current_hp_per_floor":[64,64,64,64,59,29,29,29,29,29,18,18,20,20,20,5,56,53,48,48,36,22,45,45,33,33,33,25,25,34,41,41,40,72,80,87,69,78,85,55,55,44,44,44,49,49,63,79,79,90,97,97,97,97,99,90],"gold":82,"neow_bonus":"BOSS_RELIC","is_prod":false,"is_daily":false,"chose_seed":false,"campfire_upgraded":5,"win_rate":0,"timestamp":1644449585,"path_taken":["M","M","M","$","?","E","?","?","T","E","M","M","E","M","R","BOSS","M","M","?","M","M","R","$","M","T","M","E","$","E","M","R","BOSS","M","M","?","?","M","E","R","E","T","R","E","R","M","E","R","BOSS","BOSS","R","$","E","BOSS"],"build_version":"2020-12-22","purchased_purges":2,"victory":true,"max_hp_per_floor":[71,71,71,71,71,71,71,71,71,71,71,71,73,73,73,73,73,73,75,75,77,77,77,77,79,79,79,79,79,81,81,81,83,83,85,87,89,91,91,91,91,93,93,93,95,95,95,97,97,97,97,97,97,97,99,99],"relic_stats":{"Darkstone Periapt":0,"Calipers":[6585],"Singing Bowl":28,"counters":[35,204],"War Paint":["Defend_B","Auto Shields"],"Orichalcum":[0],"Cables":[20,0,2,18,0],"Sozu":5,"Bottled Flame":"Core Surge","Nunchaku":[7],"Shovel":1,"Pantograph":0,"Snecko Eye":[360,370,385,399,-209],"Nloth\u0027s Gift":9,"Kunai":[43],"obtain_stats":[{"Darkstone Periapt":45,"Calipers":5,"Singing Bowl":13,"Vajra":26,"Thread and Needle":30,"War Paint":40,"Orichalcum":55,"Akabeko":6,"ClockworkSouvenir":24,"Cables":54,"Sozu":34,"SlaversCollar":17,"Anchor":10,"Bottled Flame":42,"Nunchaku":48,"Shovel":28,"Pantograph":53,"Snecko Eye":0,"Nloth\u0027s Gift":20,"Kunai":9,"Cracked Core":0,"Pocketwatch":38},{"Darkstone Periapt":29,"Calipers":3,"Singing Bowl":9,"Vajra":16,"Thread and Needle":19,"War Paint":27,"Orichalcum":34,"Akabeko":4,"ClockworkSouvenir":15,"Cables":33,"Sozu":21,"SlaversCollar":11,"Anchor":6,"Bottled Flame":28,"Nunchaku":31,"Shovel":18,"Pantograph":33,"Snecko Eye":0,"Nloth\u0027s Gift":13,"Kunai":5,"Cracked Core":0,"Pocketwatch":25},{"Darkstone Periapt":142,"Calipers":8,"Singing Bowl":26,"Vajra":58,"Thread and Needle":70,"War Paint":128,"Orichalcum":193,"Akabeko":12,"ClockworkSouvenir":54,"Cables":184,"Sozu":87,"SlaversCollar":36,"Anchor":17,"Bottled Flame":137,"Nunchaku":156,"Shovel":65,"Pantograph":184,"Snecko Eye":0,"Nloth\u0027s Gift":44,"Kunai":13,"Cracked Core":0,"Pocketwatch":108}],"Pocketwatch":[94]},"card_choices":[{"not_picked":["Compile Driver","Capacitor"],"picked":"Doom and Gloom","floor":1},{"not_picked":["Beam Cell","Streamline"],"picked":"Doom and Gloom","floor":2},{"not_picked":["Melter","Sweeping Beam","Redo"],"picked":"SKIP","floor":3},{"not_picked":["Melter","Sweeping Beam","Redo"],"picked":"SKIP","floor":3},{"not_picked":["Melter","Sweeping Beam","Redo"],"picked":"SKIP","floor":3},{"not_picked":["Melter","Sweeping Beam","Redo"],"picked":"SKIP","floor":3},{"not_picked":["Ball Lightning","FTL","Stack"],"picked":"SKIP","floor":6},{"not_picked":["Ball Lightning","FTL","Stack"],"picked":"SKIP","floor":6},{"not_picked":["Steam Power","Go for the Eyes"],"picked":"Machine Learning","floor":8},{"not_picked":["Lockon","Coolheaded"],"picked":"Conserve Battery","floor":10},{"not_picked":["Compile Driver","Turbo"],"picked":"Force Field","floor":11},{"not_picked":["Chaos","Defragment","Beam Cell"],"picked":"SKIP","floor":12},{"not_picked":["Defragment","Double Energy","Chaos"],"picked":"Singing Bowl","floor":13},{"not_picked":["Tempest","Stack"],"picked":"Darkness","floor":14},{"not_picked":["Electrodynamics","Hyperbeam"],"picked":"Core Surge","floor":16},{"not_picked":["Capacitor","Fusion+1"],"picked":"Sunder","floor":18},{"not_picked":["Turbo","Ball Lightning","Gash"],"picked":"Singing Bowl","floor":19},{"not_picked":["Barrage","Steam","Ball Lightning"],"picked":"Singing Bowl","floor":21},{"not_picked":["Turbo","Rebound+1"],"picked":"Glacier","floor":22},{"not_picked":["Tempest","Gash","Streamline"],"picked":"Singing Bowl","floor":25},{"not_picked":["Turbo","Electrodynamics"],"picked":"Hologram","floor":27},{"not_picked":["Go for the Eyes","Hyperbeam"],"picked":"Force Field+1","floor":28},{"not_picked":["Fission","Amplify","Seek"],"picked":"Singing Bowl","floor":30},{"not_picked":["Scrape+1","Fusion"],"picked":"Hologram","floor":31},{"not_picked":["Machine Learning","Creative AI","Seek"],"picked":"Singing Bowl","floor":33},{"not_picked":["BootSequence","Gash","Thunder Strike"],"picked":"Singing Bowl","floor":35},{"not_picked":["Ball Lightning","Sweeping Beam","Turbo"],"picked":"Singing Bowl","floor":36},{"not_picked":["Reprogram","Self Repair","FTL+1"],"picked":"Singing Bowl","floor":37},{"not_picked":["Compile Driver+1","Rip and Tear","Leap+1"],"picked":"Singing Bowl","floor":38},{"not_picked":["Chaos","Loop"],"picked":"Conserve Battery+1","floor":39},{"not_picked":["Self Repair+1","Redo"],"picked":"Echo Form","floor":40},{"not_picked":["Coolheaded+1","Sweeping Beam","Fission"],"picked":"Singing Bowl","floor":42},{"not_picked":["Sweeping Beam","Electrodynamics","Hello World"],"picked":"Singing Bowl","floor":45},{"not_picked":["Beam Cell","Lockon"],"picked":"Genetic Algorithm+1","floor":47},{"not_picked":["Compile Driver","Stack","Turbo"],"picked":"Singing Bowl","floor":48},{"not_picked":["Barrage","Hello World","Fission"],"picked":"Singing Bowl","floor":55}],"player_experience":6188397,"relics_obtained":[{"floor":6,"key":"Akabeko"},{"floor":9,"key":"Kunai"},{"floor":10,"key":"Anchor"},{"floor":13,"key":"Singing Bowl"},{"floor":26,"key":"Vajra"},{"floor":28,"key":"Shovel"},{"floor":30,"key":"Thread and Needle"},{"floor":38,"key":"Pocketwatch"},{"floor":40,"key":"War Paint"},{"floor":42,"key":"Bottled Flame"},{"floor":45,"key":"Darkstone Periapt"},{"floor":48,"key":"Nunchaku"},{"floor":53,"key":"Pantograph"},{"floor":55,"key":"Orichalcum"}],"event_choices":[{"damage_healed":0,"gold_gain":0,"player_choice":"Success","damage_taken":5,"relics_obtained":["Calipers"],"max_hp_gain":0,"max_hp_loss":0,"event_name":"Scrap Ooze","floor":5,"gold_loss":0},{"damage_healed":0,"gold_gain":0,"player_choice":"Bought 2 Potions","damage_taken":0,"max_hp_gain":0,"max_hp_loss":0,"event_name":"The Woman in Blue","floor":7,"gold_loss":0},{"damage_healed":0,"gold_gain":0,"player_choice":"Traded Relic","damage_taken":0,"relics_obtained":["Nloth\u0027s Gift"],"max_hp_gain":0,"max_hp_loss":0,"event_name":"N\u0027loth","floor":20,"relics_lost":["Akabeko"],"gold_loss":0},{"damage_healed":0,"gold_gain":0,"player_choice":"Fight","damage_taken":0,"max_hp_gain":0,"max_hp_loss":0,"event_name":"MindBloom","floor":38,"gold_loss":0}],"is_beta":false,"boss_relics":[{"not_picked":["Astrolabe","Nuclear Battery"],"picked":"SlaversCollar"},{"not_picked":["Tiny House","SacredBark"],"picked":"Sozu"}],"items_purged_floors":[4,54],"is_endless":false,"potions_floor_spawned":[3,10,11,14,16,18,19,25,27,30,35,37,40,47,55],"ascension_level":20}