{"gold_per_floor":[117,77,152,77,77,77,95,127,127,52,85,103,103,134,134,207,207,217,217,243,243,45,45,80,80,106,6,23,23,50,64,64,141,141,154,173,187,198,214,247,247,261,286,321,543,543,562,597,597,597,597,597,597,62,91,91],"floor_reached":56,"playtime":5102,"items_purged":["Strike_B","Strike_B","FTL"],"score":2407,"play_id":"ecc3e9ce-d069-42b0-b0ef-89cc531226fe","local_time":"20220209160737","is_ascension_mode":true,"campfire_choices":[{"data":"Sunder","floor":6,"key":"SMITH"},{"data":"Hyperbeam","floor":13,"key":"SMITH"},{"data":"Beam Cell","floor":15,"key":"SMITH"},{"data":"Hologram","floor":23,"key":"SMITH"},{"floor":25,"key":"RECALL"},{"data":"Fission","floor":29,"key":"SMITH"},{"data":"Shockwave","floor":32,"key":"SMITH"},{"data":"Skim","floor":41,"key":"SMITH"},{"data":"Core Surge","floor":49,"key":"SMITH"},{"data":"Defend_B","floor":53,"key":"SMITH"}],"neow_cost":"NONE","seed_source_timestamp":1862870080945600,"circlet_count":0,"master_deck":["AscendersBane","Defend_B","Defend_B","Defend_B","Defend_B+1","Hello World","Sunder+1","Steam","Beam Cell+1","Hyperbeam+1","Fission+1","Machine Learning","Hologram+1","Recycle","Shockwave+1","Meteor Strike+1","Hologram+1","Skim+1","Core Surge+1","Crescendo","Rebound"],"relics":["Cracked Core","NeowsBlessing","Bag of Preparation","Question Card","Mercury Hourglass","Bag of Marbles","Snecko Eye","Red Mask","PrismaticShard","Eternal Feather","Bronze Scales","Tiny Chest","Empty Cage","Omamori","Potion Belt","Incense Burner","InkBottle","Torii"],"potions_floor_usage":[8,16,30,33,44,44,55,55,56,56],"damage_taken":[{"damage":0,"enemies":"Jaw Worm","floor":1,"turns":1},{"damage":0,"enemies":"Cultist","floor":7,"turns":1},{"damage":0,"enemies":"Lagavulin","floor":8,"turns":4},{"damage":11,"enemies":"Gremlin Nob","floor":11,"turns":3},{"damage":0,"enemies":"2 Louse","floor":12,"turns":2},{"damage":5,"enemies":"3 Sentries","floor":14,"turns":2},{"damage":0,"enemies":"Slime Boss","floor":16,"turns":6},{"damage":0,"enemies":"Spheric Guardian","floor":18,"turns":1},{"damage":0,"enemies":"Masked Bandits","floor":20,"turns":1},{"damage":0,"enemies":"Gremlin Leader","floor":24,"turns":4},{"damage":0,"enemies":"2 Thieves","floor":28,"turns":1},{"damage":0,"enemies":"Book of Stabbing","floor":30,"turns":2},{"damage":0,"enemies":"Shelled Parasite and Fungi","floor":31,"turns":1},{"damage":10,"enemies":"Automaton","floor":33,"turns":5},{"damage":3,"enemies":"3 Shapes","floor":35,"turns":3},{"damage":0,"enemies":"Orb Walker","floor":36,"turns":1},{"damage":0,"enemies":"Maw","floor":37,"turns":4},{"damage":0,"enemies":"Sphere and 2 Shapes","floor":38,"turns":2},{"damage":0,"enemies":"3 Darklings","floor":39,"turns":1},{"damage":25,"enemies":"Reptomancer","floor":40,"turns":3},{"damage":4,"enemies":"Writhing Mass","floor":42,"turns":3},{"damage":0,"enemies":"Giant Head","floor":44,"turns":4},{"damage":0,"enemies":"Maw","floor":47,"turns":2},{"damage":30,"enemies":"Nemesis","floor":48,"turns":5},{"damage":14,"enemies":"Donu and Deca","floor":50,"turns":3},{"damage":18,"enemies":"Time Eater","floor":51,"turns":4},{"damage":0,"enemies":"Shield and Spear","floor":55,"turns":2},{"damage":84,"enemies":"The Heart","floor":56,"turns":5}],"seed_played":"-5622473409881197583","potions_obtained":[{"floor":1,"key":"Fire Potion"},{"floor":5,"key":"Regen Potion"},{"floor":12,"key":"LiquidBronze"},{"floor":16,"key":"SteroidPotion"},{"floor":24,"key":"PowerPotion"},{"floor":38,"key":"Regen Potion"},{"floor":39,"key":"Regen Potion"},{"floor":44,"key":"Block Potion"},{"floor":47,"key":"LiquidBronze"},{"floor":48,"key":"DistilledChaos"}],"is_trial":false,"path_per_floor":["M","$","?","$","?","R","M","E","T","?","E","M","R","E","R","B",null,"M","?","?","?","$","R","E","R","T","$","M","R","E","M","R","B",null,"M","M","M","M","M","E","R","M","T","E","?","?","M","E","R","B","B",null,"R","$","E","B"],"character_chosen":"DEFECT","items_purchased":["Sunder","PrismaticShard","Recycle","GamblersBrew","Rebound","InkBottle"],"campfire_rested":0,"item_purchase_floors":[2,22,22,54,54,54],"current_hp_per_floor":[64,64,53,53,53,53,53,65,65,65,54,54,54,49,49,49,66,66,66,66,66,66,66,66,71,71,71,71,71,71,71,71,61,69,66,66,66,66,66,41,50,46,46,71,71,71,71,41,53,39,21,59,71,71,71,0],"gold":91,"neow_bonus":"THREE_ENEMY_KILL","is_prod":false,"is_daily":false,"chose_seed":false,"campfire_upgraded":9,"win_rate":0,"timestamp":1644440857,"path_taken":["M","$","?","$","?","R","?","E","T","?","E","M","R","E","R","BOSS","M","?","?","?","$","R","E","R","T","$","?","R","E","M","R","BOSS","M","M","M","M","M","E","R","M","T","E","?","?","M","E","R","BOSS","BOSS","R","$","E","BOSS"],"build_version":"2020-12-22","purchased_purges":3,"victory":false,"max_hp_per_floor":[71,71,71,71,71,71,71,71,71,71,71,71,71,71,71,71,71,71,71,71,71,71,71,71,71,71,71,71,71,71,71,71,71,71,71,71,71,71,71,71,71,71,71,71,71,71,71,71,71,71,71,71,71,71,71,71],"relic_stats":{"Torii":0,"counters":[28,74],"Bronze Scales":[143],"Snecko Eye":[139,116,143,156,-171],"Eternal Feather":38,"Tiny Chest":0,"Bag of Preparation":[50],"Omamori":1,"Question Card":22,"obtain_stats":[{"Potion Belt":44,"NeowsBlessing":0,"Torii":55,"Eternal Feather":24,"Bag of Preparation":8,"Omamori":40,"Incense Burner":48,"Question Card":9,"PrismaticShard":22,"Empty Cage":34,"Mercury Hourglass":11,"Bronze Scales":26,"Snecko Eye":17,"Tiny Chest":30,"Bag of Marbles":14,"Red Mask":20,"Cracked Core":0,"InkBottle":54},{"Potion Belt":22,"NeowsBlessing":0,"Torii":27,"Eternal Feather":10,"Bag of Preparation":3,"Omamori":20,"Incense Burner":24,"Question Card":3,"PrismaticShard":9,"Empty Cage":14,"Mercury Hourglass":4,"Bronze Scales":10,"Snecko Eye":7,"Tiny Chest":12,"Bag of Marbles":6,"Red Mask":9,"Cracked Core":0,"InkBottle":26},{"Potion Belt":53,"NeowsBlessing":0,"Torii":69,"Eternal Feather":23,"Bag of Preparation":6,"Omamori":46,"Incense Burner":60,"Question Card":6,"PrismaticShard":19,"Empty Cage":32,"Mercury Hourglass":9,"Bronze Scales":23,"Snecko Eye":17,"Tiny Chest":26,"Bag of Marbles":12,"Red Mask":19,"Cracked Core":0,"InkBottle":67}],"InkBottle":[6],"Mercury Hourglass":[290]},"card_choices":[{"not_picked":["Coolheaded","Hologram"],"picked":"Hello World","floor":1},{"not_picked":["Loop","Gash"],"picked":"Steam","floor":7},{"not_picked":["Coolheaded","Multi-Cast"],"picked":"Beam Cell","floor":8},{"not_picked":["Melter","Go for the Eyes","Stack"],"picked":"Hyperbeam","floor":11},{"not_picked":["Gash","Go for the Eyes","Beam Cell"],"picked":"FTL","floor":12},{"not_picked":["White Noise","Beam Cell","Redo"],"picked":"Fission","floor":14},{"not_picked":["Echo Form","Rainbow","Hyperbeam"],"picked":"Machine Learning","floor":16},{"not_picked":["Rebound","Self Repair","Cold Snap+1","Streamline+1"],"picked":"SKIP","floor":18},{"not_picked":["Leap","Compile Driver","Rip and Tear"],"picked":"Hologram","floor":20},{"not_picked":["Outmaneuver","Endless Agony","Consecrate","Dagger Spray"],"picked":"SKIP","floor":24},{"not_picked":["Deflect","Ball Lightning+1","Turbo","Dodge and Roll"],"picked":"SKIP","floor":28},{"not_picked":["Skim","JustLucky","Rebound"],"picked":"Shockwave","floor":30},{"not_picked":["Protect","Reboot","Headbutt","Cloak And Dagger+1"],"picked":"SKIP","floor":31},{"not_picked":["Omniscience","Core Surge","Double Tap"],"picked":"Meteor Strike","floor":33},{"not_picked":["Deadly Poison","JustLucky","Accuracy+1","Sword Boomerang"],"picked":"SKIP","floor":35},{"not_picked":["CrushJoints+1","Footwork","Ball Lightning"],"picked":"Hologram+1","floor":36},{"not_picked":["Leap","Heavy Blade","Compile Driver+1","Storm"],"picked":"SKIP","floor":37},{"not_picked":["Underhanded Strike+1","Pray","Skewer"],"picked":"Skim","floor":38},{"not_picked":["Rage","Consecrate","EmptyBody","Poisoned Stab"],"picked":"SKIP","floor":39},{"not_picked":["Tempest","Battle Trance","Sword Boomerang","Indignation"],"picked":"SKIP","floor":40},{"not_picked":["Tempest","Battle Trance","Sword Boomerang","Indignation"],"picked":"SKIP","floor":40},{"not_picked":["Evaluate","Redo","Searing Blow+1"],"picked":"Core Surge","floor":42},{"not_picked":["Outmaneuver","Redo","Clash","Poisoned Stab"],"picked":"SKIP","floor":44},{"not_picked":["Twin Strike","Quick Slash","EmptyFist","Riddle With Holes"],"picked":"SKIP","floor":47},{"not_picked":["Prostrate","Prepared+1","Cleave"],"picked":"Crescendo","floor":48},{"not_picked":["Cloak And Dagger","Panache","Heel Hook","Sucker Punch"],"picked":"SKIP","floor":55}],"player_experience":6181191,"relics_obtained":[{"floor":8,"key":"Bag of Preparation"},{"floor":9,"key":"Question Card"},{"floor":11,"key":"Mercury Hourglass"},{"floor":14,"key":"Bag of Marbles"},{"floor":20,"key":"Red Mask"},{"floor":24,"key":"Eternal Feather"},{"floor":26,"key":"Bronze Scales"},{"floor":30,"key":"Tiny Chest"},{"floor":40,"key":"Omamori"},{"floor":44,"key":"Potion Belt"},{"floor":48,"key":"Incense Burner"},{"floor":55,"key":"Torii"}],"event_choices":[{"damage_healed":0,"gold_gain":75,"player_choice":"Gather Gold","damage_taken":11,"max_hp_gain":0,"max_hp_loss":0,"event_name":"World of Goop","floor":3,"gold_loss":0},{"damage_healed":0,"gold_gain":0,"player_choice":"Got Potions","damage_taken":0,"max_hp_gain":0,"max_hp_loss":0,"event_name":"Lab","floor":5,"gold_loss":0},{"cards_removed":["Strike_B"],"damage_healed":0,"gold_gain":0,"player_choice":"Card Removal","damage_taken":0,"max_hp_gain":0,"max_hp_loss":0,"event_name":"The Cleric","floor":10,"gold_loss":75},{"damage_healed":0,"gold_gain":0,"player_choice":"Ignored","damage_taken":0,"max_hp_gain":0,"max_hp_loss":0,"event_name":"Ghosts","floor":19,"gold_loss":0},{"damage_healed":0,"gold_gain":0,"player_choice":"Fought Bandits","damage_taken":0,"max_hp_gain":0,"max_hp_loss":0,"event_name":"Masked Bandits","floor":20,"gold_loss":0},{"cards_removed":["Dualcast"],"damage_healed":0,"gold_gain":0,"player_choice":"Card Removal","damage_taken":0,"max_hp_gain":0,"max_hp_loss":0,"event_name":"Wheel of Change","floor":21,"gold_loss":0},{"damage_healed":0,"gold_gain":222,"player_choice":"Wore Mask","damage_taken":0,"max_hp_gain":0,"max_hp_loss":0,"event_name":"Tomb of Lord Red Mask","floor":45,"gold_loss":0},{"damage_healed":0,"gold_gain":0,"player_choice":"Upgraded","damage_taken":0,"max_hp_gain":0,"max_hp_loss":0,"event_name":"Upgrade Shrine","floor":46,"gold_loss":0,"cards_upgraded":["Meteor Strike"]}],"is_beta":false,"boss_relics":[{"not_picked":["SacredBark","SlaversCollar"],"picked":"Snecko Eye"},{"not_picked":["Black Star","Philosopher\u0027s Stone"],"picked":"Empty Cage"}],"items_purged_floors":[4,27,54],"is_endless":false,"potions_floor_spawned":[1,7,12,16,18,24,28,38,39,42,44,47,48],"killed_by":"The Heart","ascension_level":20}