{"gold_per_floor":[118,7,7,33,45,90,122,154,192,204,174,217,229,276,288,372,384,407,439,451,481,111,111,124,141,166,192,209,1,10,44,53,134,161,188,221,257,257,288,331,340,364,364,96,106,147,147,167,176,176,176,176,185,1,43,43],"floor_reached":57,"playtime":9066,"items_purged":["Strike_B","Strike_B","Strike_B","Defend_B"],"score":2923,"play_id":"80bfe387-eb34-4349-be81-3b7780d7b7d9","local_time":"20220216144907","is_ascension_mode":true,"campfire_choices":[{"data":"Defragment","floor":10,"key":"SMITH"},{"data":"Barrage","floor":13,"key":"SMITH"},{"data":"Coolheaded","floor":15,"key":"SMITH"},{"floor":23,"key":"REST"},{"floor":30,"key":"REST"},{"floor":32,"key":"REST"},{"floor":41,"key":"REST"},{"floor":47,"key":"RECALL"},{"floor":49,"key":"REST"},{"floor":53,"key":"REST"}],"neow_cost":"NONE","seed_source_timestamp":441206757678600,"circlet_count":0,"master_deck":["AscendersBane","Defend_B","Zap","Dualcast","Auto Shields","Cold Snap","Defragment+1","Amplify","Coolheaded+1","Barrage+1","Compile Driver","Core Surge","Rebound","Undo","Redo+1","Coolheaded+1","Aggregate+1","Heatsinks","Streamline+1","Seek+1","Coolheaded+1","Redo+1","Hologram+1","Recycle+1","Glacier+1","Machine Learning","BootSequence+1","Rebound+1","Tempest+1","Stack+1","Heatsinks+1","Stack+1","Hologram+1","Coolheaded+1","Static Discharge+1","Core Surge","Undo+1","Stack+1","Compile Driver+1","Enlightenment+1","Meteor Strike","Steam Power+1","Seek+1","Beam Cell+1","Hologram+1","Capacitor","Recycle+1","Reboot+1"],"relics":["Cracked Core","NeowsBlessing","MawBank","FaceOfCleric","Smiling Mask","Dream Catcher","Oddly Smooth Stone","Mercury Hourglass","Fusion Hammer","Toxic Egg 2","Lantern","Prayer Wheel","CeramicFish","Vajra","Astrolabe","Boot","Juzu Bracelet","Strawberry"],"potions_floor_usage":[8,16,24,27,27,37,40,50,50,55,56,56],"damage_taken":[{"damage":0,"enemies":"Cultist","floor":1,"turns":1},{"damage":0,"enemies":"Jaw Worm","floor":4,"turns":1},{"damage":0,"enemies":"3 Sentries","floor":6,"turns":1},{"damage":4,"enemies":"Small Slimes","floor":7,"turns":4},{"damage":19,"enemies":"Gremlin Gang","floor":8,"turns":3},{"damage":0,"enemies":"Lagavulin","floor":12,"turns":7},{"damage":10,"enemies":"3 Sentries","floor":14,"turns":9},{"damage":4,"enemies":"The Guardian","floor":16,"turns":15},{"damage":0,"enemies":"Chosen","floor":18,"turns":4},{"damage":26,"enemies":"3 Byrds","floor":19,"turns":5},{"damage":2,"enemies":"Centurion and Healer","floor":21,"turns":9},{"damage":6,"enemies":"Snake Plant","floor":24,"turns":4},{"damage":5,"enemies":"Snecko","floor":25,"turns":6},{"damage":4,"enemies":"Book of Stabbing","floor":27,"turns":4},{"damage":0,"enemies":"Sentry and Sphere","floor":28,"turns":4},{"damage":19,"enemies":"Gremlin Leader","floor":31,"turns":6},{"damage":8,"enemies":"Collector","floor":33,"turns":16},{"damage":0,"enemies":"3 Darklings","floor":35,"turns":6},{"damage":8,"enemies":"Orb Walker","floor":36,"turns":3},{"damage":7,"enemies":"Sphere and 2 Shapes","floor":37,"turns":5},{"damage":0,"enemies":"Writhing Mass","floor":39,"turns":5},{"damage":26,"enemies":"Reptomancer","floor":40,"turns":6},{"damage":0,"enemies":"Maw","floor":42,"turns":8},{"damage":0,"enemies":"3 Darklings","floor":45,"turns":5},{"damage":13,"enemies":"Nemesis","floor":46,"turns":7},{"damage":0,"enemies":"Writhing Mass","floor":48,"turns":7},{"damage":51,"enemies":"Time Eater","floor":50,"turns":13},{"damage":4,"enemies":"Awakened One","floor":51,"turns":15},{"damage":41,"enemies":"Shield and Spear","floor":55,"turns":7},{"damage":45,"enemies":"The Heart","floor":56,"turns":12}],"seed_played":"2695545062699365322","potions_obtained":[{"floor":4,"key":"PowerPotion"},{"floor":6,"key":"PowerPotion"},{"floor":12,"key":"Energy Potion"},{"floor":21,"key":"SneckoOil"},{"floor":25,"key":"DuplicationPotion"},{"floor":31,"key":"AttackPotion"},{"floor":33,"key":"DuplicationPotion"},{"floor":37,"key":"SmokeBomb"},{"floor":39,"key":"Weak Potion"},{"floor":48,"key":"LiquidMemories"},{"floor":55,"key":"SpeedPotion"}],"is_trial":false,"path_per_floor":["M","$","?","M","?","E","M","M","T","R","?","E","R","E","R","B",null,"M","M","?","M","$","R","M","M","T","E","M","$","R","E","R","B",null,"M","M","M","?","M","E","R","M","T","$","M","E","R","M","R","B","B",null,"R","$","E","B",null],"character_chosen":"DEFECT","items_purchased":["Auto Shields","Toxic Egg 2","Coolheaded+1","CeramicFish","Enlightenment+1","Meteor Strike","Steam Power+1","Weak Potion","Recycle+1","Block Potion"],"campfire_rested":6,"item_purchase_floors":[2,22,22,29,44,44,44,54,54,54],"current_hp_per_floor":[64,64,64,64,64,65,62,44,44,44,44,45,45,36,36,33,66,67,42,42,41,41,65,60,56,56,53,54,54,79,61,85,78,84,85,78,72,72,73,48,75,76,76,76,77,65,65,66,94,44,41,83,97,97,64,20],"gold":43,"neow_bonus":"THREE_ENEMY_KILL","is_prod":false,"is_daily":false,"chose_seed":false,"campfire_upgraded":3,"win_rate":0,"timestamp":1645040947,"path_taken":["M","?","?","?","?","E","?","M","T","R","?","E","R","E","R","BOSS","M","M","?","M","$","R","M","M","T","E","M","$","R","E","R","BOSS","M","M","M","?","M","E","R","M","T","$","M","E","R","M","R","BOSS","BOSS","R","$","E","BOSS"],"build_version":"2020-12-22","purchased_purges":4,"victory":true,"max_hp_per_floor":[71,71,71,71,71,72,73,74,74,74,74,75,75,76,76,77,77,78,79,79,80,80,80,81,82,82,83,84,84,84,85,85,86,86,87,88,89,89,90,91,91,92,92,92,93,94,94,95,95,96,97,97,97,97,105,106],"relic_stats":{"Dream Catcher":6,"FaceOfCleric":28,"counters":[30,198],"CeramicFish":234,"Astrolabe":["BootSequence","Rebound","Tempest"],"Prayer Wheel":8,"Juzu Bracelet":0,"MawBank":228,"Smiling Mask":225,"Boot":[31],"obtain_stats":[{"Lantern":26,"NeowsBlessing":0,"CeramicFish":29,"Astrolabe":34,"Oddly Smooth Stone":12,"Vajra":31,"Juzu Bracelet":46,"MawBank":3,"Smiling Mask":6,"Boot":40,"Mercury Hourglass":14,"Dream Catcher":9,"FaceOfCleric":5,"Strawberry":55,"Prayer Wheel":27,"Fusion Hammer":17,"Toxic Egg 2":22,"Cracked Core":0},{"Lantern":13,"NeowsBlessing":0,"CeramicFish":15,"Astrolabe":17,"Oddly Smooth Stone":6,"Vajra":16,"Juzu Bracelet":25,"MawBank":1,"Smiling Mask":3,"Boot":22,"Mercury Hourglass":7,"Dream Catcher":5,"FaceOfCleric":2,"Strawberry":29,"Prayer Wheel":14,"Fusion Hammer":8,"Toxic Egg 2":11,"Cracked Core":0},{"Lantern":69,"NeowsBlessing":0,"CeramicFish":77,"Astrolabe":99,"Oddly Smooth Stone":17,"Vajra":83,"Juzu Bracelet":144,"MawBank":1,"Smiling Mask":3,"Boot":124,"Mercury Hourglass":26,"Dream Catcher":10,"FaceOfCleric":2,"Strawberry":186,"Prayer Wheel":73,"Fusion Hammer":41,"Toxic Egg 2":59,"Cracked Core":0}],"Mercury Hourglass":[660]},"card_choices":[{"not_picked":["Steam","Static Discharge"],"picked":"Streamline","floor":1},{"not_picked":["Barrage","Redo"],"picked":"Cold Snap","floor":4},{"not_picked":["Leap","Sweeping Beam"],"picked":"Defragment","floor":6},{"not_picked":["Reprogram","Go for the Eyes"],"picked":"Amplify","floor":7},{"not_picked":["Scrape","Stack"],"picked":"Coolheaded","floor":8},{"not_picked":["Turbo","Stack"],"picked":"Barrage","floor":12},{"not_picked":["Gash","Go for the Eyes"],"picked":"Compile Driver","floor":14},{"not_picked":["Thunder Strike","Hyperbeam"],"picked":"Core Surge","floor":16},{"not_picked":["Consume","Cold Snap"],"picked":"Rebound","floor":18},{"not_picked":["Rebound+1","Ball Lightning"],"picked":"Undo","floor":19},{"not_picked":["Melter","Hologram"],"picked":"Redo+1","floor":21},{"not_picked":["Rebound","Conserve Battery+1"],"picked":"Aggregate+1","floor":23},{"not_picked":["Static Discharge","Force Field+1"],"picked":"Heatsinks","floor":24},{"not_picked":["Conserve Battery+1","Melter"],"picked":"Streamline+1","floor":25},{"not_picked":["Hologram+1","Aggregate+1"],"picked":"Seek+1","floor":27},{"not_picked":["Gash","Thunder Strike"],"picked":"Coolheaded+1","floor":28},{"not_picked":["Leap+1","Gash+1"],"picked":"Redo+1","floor":28},{"not_picked":["Leap+1","Beam Cell+1"],"picked":"Hologram+1","floor":30},{"not_picked":["Conserve Battery+1","Leap+1"],"picked":"Recycle+1","floor":31},{"not_picked":["Steam+1","Conserve Battery+1"],"picked":"Glacier+1","floor":32},{"not_picked":["Meteor Strike","Rainbow+1"],"picked":"Machine Learning","floor":33},{"not_picked":["Streamline+1","Turbo+1"],"picked":"Stack+1","floor":35},{"not_picked":["Steam+1","Tempest+1","Glacier+1"],"picked":"SKIP","floor":35},{"not_picked":["Rebound+1","Cold Snap"],"picked":"Heatsinks+1","floor":36},{"not_picked":["Reinforced Body+1","Streamline"],"picked":"Stack+1","floor":36},{"not_picked":["Beam Cell","Stack+1"],"picked":"Hologram+1","floor":37},{"not_picked":["Leap+1","Ball Lightning"],"picked":"Coolheaded+1","floor":37},{"not_picked":["Beam Cell","Stack+1"],"picked":"Static Discharge+1","floor":39},{"not_picked":["Cold Snap+1","Fusion+1"],"picked":"Core Surge","floor":39},{"not_picked":["Steam+1","Storm"],"picked":"Undo+1","floor":40},{"not_picked":["Sweeping Beam","Reinforced Body+1"],"picked":"Stack+1","floor":41},{"not_picked":["Static Discharge","Loop"],"picked":"Compile Driver+1","floor":42},{"not_picked":["Self Repair","Sweeping Beam","Glacier+1"],"picked":"SKIP","floor":42},{"not_picked":["Redo+1","Coolheaded+1","Sweeping Beam"],"picked":"SKIP","floor":45},{"not_picked":["Streamline","Steam Power+1","Conserve Battery+1"],"picked":"SKIP","floor":45},{"not_picked":["Genetic Algorithm+1","Steam Power+1"],"picked":"Seek+1","floor":46},{"not_picked":["Sweeping Beam","Turbo+1"],"picked":"Beam Cell+1","floor":48},{"not_picked":["Barrage+1","Conserve Battery+1","Force Field+1"],"picked":"SKIP","floor":48},{"not_picked":["Darkness+1","Go for the Eyes"],"picked":"Hologram+1","floor":49},{"not_picked":["Reprogram+1","Steam+1"],"picked":"Capacitor","floor":53},{"not_picked":["Double Energy+1","Ball Lightning+1"],"picked":"Reboot+1","floor":55}],"player_experience":6274719,"relics_obtained":[{"floor":6,"key":"Smiling Mask"},{"floor":9,"key":"Dream Catcher"},{"floor":12,"key":"Oddly Smooth Stone"},{"floor":14,"key":"Mercury Hourglass"},{"floor":26,"key":"Lantern"},{"floor":27,"key":"Prayer Wheel"},{"floor":31,"key":"Vajra"},{"floor":40,"key":"Boot"},{"floor":46,"key":"Juzu Bracelet"},{"floor":55,"key":"Strawberry"}],"event_choices":[{"cards_removed":["Streamline"],"damage_healed":0,"gold_gain":0,"player_choice":"Gave Card","damage_taken":0,"relics_obtained":["MawBank"],"max_hp_gain":0,"max_hp_loss":0,"event_name":"WeMeetAgain","floor":3,"gold_loss":0},{"damage_healed":0,"gold_gain":0,"player_choice":"Trade","damage_taken":0,"relics_obtained":["FaceOfCleric"],"max_hp_gain":0,"max_hp_loss":0,"event_name":"FaceTrader","floor":5,"gold_loss":0},{"damage_healed":0,"gold_gain":0,"player_choice":"Left Gold","damage_taken":0,"max_hp_gain":0,"max_hp_loss":0,"event_name":"World of Goop","floor":11,"gold_loss":42},{"damage_healed":0,"gold_gain":0,"player_choice":"Ignored","damage_taken":0,"max_hp_gain":0,"max_hp_loss":0,"event_name":"Cursed Tome","floor":20,"gold_loss":0},{"damage_healed":0,"gold_gain":0,"player_choice":"Ignored","damage_taken":0,"max_hp_gain":0,"max_hp_loss":0,"event_name":"Tomb of Lord Red Mask","floor":38,"gold_loss":0}],"is_beta":false,"boss_relics":[{"not_picked":["SacredBark","SlaversCollar"],"picked":"Fusion Hammer"},{"not_picked":["Empty Cage","Runic Dome"],"picked":"Astrolabe"}],"items_purged_floors":[2,22,29,44],"is_endless":false,"potions_floor_spawned":[4,6,12,21,25,31,33,37,39,48,55],"ascension_level":20}