{"gold_per_floor":[14,32,32,45,55,82,82,111,111,130,130,147,147,147,147,242,242,260,260,96,121,140,140,3,3,3,3,22,65,65,100,100,100],"floor_reached":33,"playtime":3394,"items_purged":["Strike_B","Strike_B"],"score":590,"play_id":"1c802c17-9bd1-491d-9c02-fc47a65f330e","local_time":"20220225144530","is_ascension_mode":true,"campfire_choices":[{"data":"Streamline","floor":11,"key":"SMITH"},{"data":"Loop","floor":13,"key":"SMITH"},{"data":"Hologram","floor":15,"key":"SMITH"},{"data":"Violence","floor":23,"key":"SMITH"},{"data":"Compile Driver","floor":27,"key":"SMITH"},{"floor":30,"key":"REST"},{"floor":32,"key":"REST"}],"neow_cost":"NO_GOLD","seed_source_timestamp":71807075617400,"circlet_count":0,"master_deck":["AscendersBane","Strike_B","Strike_B+1","Defend_B","Defend_B","Defend_B","Defend_B","Zap","Dualcast","Violence+1","Cold Snap","Streamline+1","Rebound+1","Glacier","Gash","Loop+1","Compile Driver+1","Hologram+1","Buffer+1","Genetic Algorithm+1","Capacitor+1","Glacier+1","Gash","Capacitor+1","Undo","Coolheaded","Chill"],"relics":["Cracked Core","Shuriken","StoneCalendar","Frozen Egg 2","Golden Idol","Nuclear Battery","Bottled Tornado","Bottled Flame","Whetstone"],"potions_floor_usage":[6,8,29,33],"damage_taken":[{"damage":0,"enemies":"Cultist","floor":1,"turns":3},{"damage":0,"enemies":"Small Slimes","floor":2,"turns":3},{"damage":7,"enemies":"2 Louse","floor":4,"turns":3},{"damage":19,"enemies":"Exordium Thugs","floor":5,"turns":5},{"damage":8,"enemies":"3 Sentries","floor":6,"turns":9},{"damage":17,"enemies":"Lagavulin","floor":8,"turns":9},{"damage":3,"enemies":"Large Slime","floor":10,"turns":4},{"damage":6,"enemies":"Gremlin Gang","floor":12,"turns":4},{"damage":19,"enemies":"Slime Boss","floor":16,"turns":7},{"damage":0,"enemies":"Spheric Guardian","floor":18,"turns":3},{"damage":11,"enemies":"3 Byrds","floor":21,"turns":7},{"damage":7,"enemies":"Centurion and Healer","floor":22,"turns":6},{"damage":9,"enemies":"Sentry and Sphere","floor":28,"turns":7},{"damage":8,"enemies":"Slavers","floor":29,"turns":7},{"damage":21,"enemies":"Book of Stabbing","floor":31,"turns":7},{"damage":97,"enemies":"Collector","floor":33,"turns":13}],"seed_played":"-2788442257214813193","potions_obtained":[{"floor":2,"key":"FocusPotion"},{"floor":5,"key":"Block Potion"},{"floor":10,"key":"LiquidBronze"},{"floor":12,"key":"FairyPotion"},{"floor":22,"key":"SteroidPotion"},{"floor":28,"key":"Fire Potion"},{"floor":31,"key":"SpeedPotion"}],"is_trial":false,"path_per_floor":["M","M","$","M","M","E","?","E","T","M","R","M","R","?","R","B",null,"M","?","$","M","M","R","$","T","T","R","M","E","R","E","R","B"],"character_chosen":"DEFECT","items_purchased":["Capacitor+1","Capacitor+1"],"campfire_rested":2,"item_purchase_floors":[20,24],"current_hp_per_floor":[64,64,64,57,38,30,53,36,36,33,33,27,27,27,27,8,50,50,41,41,30,23,23,23,23,23,23,14,6,25,4,23,0],"gold":100,"neow_bonus":"RANDOM_COLORLESS_2","is_prod":false,"is_daily":false,"chose_seed":false,"campfire_upgraded":5,"win_rate":0,"timestamp":1645818330,"path_taken":["M","M","?","M","M","E","?","E","T","M","R","M","R","?","R","BOSS","M","?","$","M","M","R","$","?","T","R","M","E","R","E","R","BOSS"],"build_version":"2020-12-22","purchased_purges":2,"victory":false,"max_hp_per_floor":[71,71,71,71,71,71,71,71,71,71,71,71,71,64,64,64,64,64,64,64,64,64,64,64,64,64,64,64,64,64,64,64,64],"relic_stats":{"Bottled Flame":"Compile Driver","counters":[16,97],"Shuriken":[22],"Golden Idol":52,"StoneCalendar":[289],"Whetstone":["Strike_B","Rebound"],"Bottled Tornado":"Buffer","obtain_stats":[{"Bottled Flame":29,"Shuriken":6,"Golden Idol":14,"StoneCalendar":8,"Whetstone":31,"Frozen Egg 2":9,"Bottled Tornado":25,"Cracked Core":0,"Nuclear Battery":17},{"Bottled Flame":14,"Shuriken":5,"Golden Idol":8,"StoneCalendar":6,"Whetstone":15,"Frozen Egg 2":6,"Bottled Tornado":12,"Cracked Core":0,"Nuclear Battery":9},{"Bottled Flame":77,"Shuriken":23,"Golden Idol":40,"StoneCalendar":32,"Whetstone":84,"Frozen Egg 2":32,"Bottled Tornado":63,"Cracked Core":0,"Nuclear Battery":47}]},"card_choices":[{"not_picked":["Secret Weapon","Panache"],"picked":"Violence","floor":0},{"not_picked":["Compile Driver","Redo"],"picked":"Cold Snap","floor":1},{"not_picked":["Melter","Compile Driver"],"picked":"Streamline","floor":2},{"not_picked":["Blizzard","Barrage"],"picked":"Rebound","floor":4},{"not_picked":["Streamline","Stack"],"picked":"Glacier","floor":5},{"not_picked":["Meteor Strike","Thunder Strike"],"picked":"Gash","floor":6},{"not_picked":["Rebound","Stack"],"picked":"Loop","floor":8},{"not_picked":["Sunder","Barrage"],"picked":"Compile Driver","floor":10},{"not_picked":["Steam","Chill"],"picked":"Hologram","floor":12},{"not_picked":["Electrodynamics+1","All For One"],"picked":"Buffer+1","floor":16},{"not_picked":["Barrage+1","Lockon"],"picked":"Genetic Algorithm+1","floor":18},{"not_picked":["Genetic Algorithm","Hello World+1"],"picked":"Glacier+1","floor":21},{"not_picked":["Conserve Battery","Tempest"],"picked":"Gash","floor":22},{"not_picked":["Stack","Turbo"],"picked":"Undo","floor":28},{"not_picked":["Lockon","Hello World+1"],"picked":"Coolheaded","floor":29},{"not_picked":["Fission","Force Field"],"picked":"Chill","floor":31}],"player_experience":6338895,"relics_obtained":[{"floor":6,"key":"Shuriken"},{"floor":8,"key":"StoneCalendar"},{"floor":9,"key":"Frozen Egg 2"},{"floor":25,"key":"Bottled Tornado"},{"floor":29,"key":"Bottled Flame"},{"floor":31,"key":"Whetstone"}],"event_choices":[{"damage_healed":23,"gold_gain":0,"player_choice":"Banana","damage_taken":0,"max_hp_gain":0,"max_hp_loss":0,"event_name":"Big Fish","floor":7,"gold_loss":0},{"damage_healed":0,"gold_gain":0,"player_choice":"Lose Max HP","damage_taken":0,"relics_obtained":["Golden Idol"],"max_hp_gain":0,"max_hp_loss":7,"event_name":"Golden Idol","floor":14,"gold_loss":0},{"damage_healed":0,"gold_gain":0,"player_choice":"Damaged","damage_taken":9,"max_hp_gain":0,"max_hp_loss":0,"event_name":"Wheel of Change","floor":19,"gold_loss":0}],"is_beta":false,"boss_relics":[{"not_picked":["Velvet Choker","FrozenCore"],"picked":"Nuclear Battery"}],"items_purged_floors":[20,24],"is_endless":false,"potions_floor_spawned":[2,5,10,12,22,28,31],"killed_by":"Collector","ascension_level":20}