{"gold_per_floor":[118,129,54,66,82,82,115,125,176,203,220,220,249,249,249,326,326,346,361,380,400,400,426,46,78,78,93,93,93,128,147,147,224,224,242,262,272,285,285,312,312,339,339,339,339,339,364,389,389,389,389],"floor_reached":51,"playtime":4121,"items_purged":["Zap"],"score":1834,"play_id":"dcd797d2-3513-4928-a32b-09a50457a7b3","local_time":"20220225155447","is_ascension_mode":true,"campfire_choices":[{"data":"Go for the Eyes","floor":6,"key":"SMITH"},{"data":"Buffer","floor":12,"key":"SMITH"},{"data":"Dualcast","floor":15,"key":"SMITH"},{"data":"Auto Shields","floor":29,"key":"SMITH"},{"floor":32,"key":"RECALL"},{"data":"Biased Cognition","floor":41,"key":"SMITH"},{"data":"Hologram","floor":44,"key":"SMITH"},{"data":"Madness","floor":46,"key":"SMITH"},{"data":"Reprogram","floor":49,"key":"SMITH"}],"neow_cost":"TEN_PERCENT_HP_LOSS","seed_source_timestamp":75234871351600,"circlet_count":0,"master_deck":["AscendersBane","Defend_B","Defend_B","Dualcast+1","Scrape+1","Auto Shields+1","Rebound","Turbo","Glacier","Go for the Eyes+1","FTL","Buffer+1","Gash+1","Rebound+1","Hyperbeam+1","Go for the Eyes+1","Gash+1","Beam Cell+1","Conserve Battery+1","Reinforced Body+1","Scrape+1","Gash+1","Hologram+1","Coolheaded+1","Madness","Madness+1","Biased Cognition+1","Recycle+1","Reprogram+1"],"relics":["Cracked Core","The Courier","Bag of Preparation","Molten Egg 2","Art of War","Empty Cage","Tiny Chest","ClockworkSouvenir","Oddly Smooth Stone","Meat on the Bone","Blood Vial","Cursed Key","Calipers","Centennial Puzzle","Nunchaku","Torii"],"potions_floor_usage":[7,10,16,23,25,33],"damage_taken":[{"damage":0,"enemies":"2 Louse","floor":1,"turns":4},{"damage":6,"enemies":"Cultist","floor":2,"turns":3},{"damage":7,"enemies":"Jaw Worm","floor":4,"turns":2},{"damage":6,"enemies":"Looter","floor":5,"turns":4},{"damage":13,"enemies":"Gremlin Nob","floor":7,"turns":5},{"damage":6,"enemies":"Exordium Thugs","floor":8,"turns":5},{"damage":6,"enemies":"Lagavulin","floor":10,"turns":9},{"damage":0,"enemies":"Gremlin Gang","floor":11,"turns":8},{"damage":0,"enemies":"Gremlin Nob","floor":13,"turns":4},{"damage":0,"enemies":"Hexaghost","floor":16,"turns":7},{"damage":3,"enemies":"3 Byrds","floor":18,"turns":4},{"damage":0,"enemies":"Spheric Guardian","floor":19,"turns":1},{"damage":0,"enemies":"Centurion and Healer","floor":20,"turns":6},{"damage":8,"enemies":"Chosen and Byrds","floor":21,"turns":5},{"damage":10,"enemies":"Book of Stabbing","floor":23,"turns":4},{"damage":35,"enemies":"Slavers","floor":25,"turns":5},{"damage":8,"enemies":"Snake Plant","floor":27,"turns":4},{"damage":0,"enemies":"Gremlin Leader","floor":30,"turns":4},{"damage":6,"enemies":"Cultist and Chosen","floor":31,"turns":3},{"damage":0,"enemies":"Collector","floor":33,"turns":4},{"damage":0,"enemies":"3 Darklings","floor":35,"turns":5},{"damage":0,"enemies":"3 Shapes","floor":36,"turns":1},{"damage":0,"enemies":"3 Darklings","floor":37,"turns":1},{"damage":12,"enemies":"Spire Growth","floor":38,"turns":4},{"damage":10,"enemies":"Reptomancer","floor":40,"turns":6},{"damage":22,"enemies":"Giant Head","floor":42,"turns":7},{"damage":9,"enemies":"Nemesis","floor":47,"turns":5},{"damage":0,"enemies":"Mind Bloom Boss Battle","floor":48,"turns":9},{"damage":19,"enemies":"Awakened One","floor":50,"turns":12},{"damage":44,"enemies":"Time Eater","floor":51,"turns":8}],"seed_played":"8526686625350374679","potions_obtained":[{"floor":4,"key":"FocusPotion"},{"floor":7,"key":"SkillPotion"},{"floor":8,"key":"CultistPotion"},{"floor":10,"key":"PotionOfCapacity"},{"floor":13,"key":"FairyPotion"},{"floor":16,"key":"DuplicationPotion"},{"floor":25,"key":"Swift Potion"},{"floor":27,"key":"SmokeBomb"},{"floor":37,"key":"Explosive Potion"},{"floor":38,"key":"Energy Potion"},{"floor":40,"key":"SteroidPotion"}],"is_trial":false,"path_per_floor":["M","M","?","M","M","R","E","M","T","E","M","R","E","?","R","B",null,"M","M","M","M","?","E","$","E","T","M","?","R","E","M","R","B",null,"M","M","M","M","?","E","R","E","T","R","T","R","E","?","R","B","B"],"character_chosen":"DEFECT","items_purchased":["ClockworkSouvenir","Oddly Smooth Stone","DuplicationPotion"],"campfire_rested":0,"item_purchase_floors":[24,24,24],"current_hp_per_floor":[64,58,58,51,45,45,32,26,26,20,20,20,20,20,20,20,53,50,50,50,42,42,32,32,19,19,23,23,23,35,43,43,45,59,61,63,64,52,40,44,44,36,36,36,36,36,41,43,43,38,0],"gold":389,"neow_bonus":"TRANSFORM_TWO_CARDS","is_prod":false,"is_daily":false,"chose_seed":false,"campfire_upgraded":8,"win_rate":0,"timestamp":1645822487,"path_taken":["M","M","?","M","M","R","E","M","T","E","M","R","E","?","R","BOSS","M","M","M","M","?","E","$","E","T","M","?","R","E","?","R","BOSS","M","M","M","M","?","E","R","E","T","R","?","R","E","?","R","BOSS","BOSS"],"build_version":"2020-12-22","purchased_purges":1,"victory":false,"max_hp_per_floor":[64,64,64,64,64,64,64,64,64,64,64,64,64,64,64,64,64,64,64,64,64,64,64,64,64,64,64,64,64,64,64,64,64,64,64,64,64,64,64,64,64,64,64,64,64,64,64,64,64,64,64],"relic_stats":{"Calipers":[835],"Torii":4,"counters":[30,149],"The Courier":95,"Bag of Preparation":[48],"Cursed Key":0,"Blood Vial":21,"Centennial Puzzle":[9],"Nunchaku":[8],"Tiny Chest":1,"Art of War":[3],"obtain_stats":[{"Calipers":40,"Torii":48,"Oddly Smooth Stone":24,"The Courier":7,"Bag of Preparation":9,"Empty Cage":17,"Cursed Key":34,"ClockworkSouvenir":24,"Blood Vial":30,"Centennial Puzzle":42,"Nunchaku":47,"Molten Egg 2":10,"Tiny Chest":23,"Art of War":13,"Cracked Core":0,"Meat on the Bone":25},{"Calipers":25,"Torii":28,"Oddly Smooth Stone":15,"The Courier":5,"Bag of Preparation":6,"Empty Cage":10,"Cursed Key":20,"ClockworkSouvenir":15,"Blood Vial":18,"Centennial Puzzle":26,"Nunchaku":27,"Molten Egg 2":7,"Tiny Chest":15,"Art of War":9,"Cracked Core":0,"Meat on the Bone":16},{"Calipers":108,"Torii":129,"Oddly Smooth Stone":71,"The Courier":18,"Bag of Preparation":23,"Empty Cage":51,"Cursed Key":91,"ClockworkSouvenir":71,"Blood Vial":84,"Centennial Puzzle":115,"Nunchaku":120,"Molten Egg 2":32,"Tiny Chest":71,"Art of War":44,"Cracked Core":0,"Meat on the Bone":76}],"Meat on the Bone":84},"card_choices":[{"not_picked":["Darkness","Leap"],"picked":"Rebound","floor":1},{"not_picked":["Compile Driver","Tempest"],"picked":"Turbo","floor":2},{"not_picked":["Genetic Algorithm","Defragment"],"picked":"Glacier","floor":4},{"not_picked":["Coolheaded","Heatsinks"],"picked":"Go for the Eyes","floor":5},{"not_picked":["Redo","Turbo","Steam"],"picked":"SKIP","floor":7},{"not_picked":["Reprogram","Recycle"],"picked":"FTL","floor":8},{"not_picked":["Coolheaded","Conserve Battery"],"picked":"Buffer","floor":10},{"not_picked":["Turbo","Rip and Tear+1"],"picked":"Gash+1","floor":11},{"not_picked":["Glacier","Static Discharge"],"picked":"Rebound+1","floor":13},{"not_picked":["Core Surge+1","Machine Learning"],"picked":"Hyperbeam+1","floor":16},{"not_picked":["Rebound+1","Auto Shields+1"],"picked":"Go for the Eyes+1","floor":18},{"not_picked":["Hologram","Redo"],"picked":"Gash+1","floor":19},{"not_picked":["Redo","Leap"],"picked":"Beam Cell+1","floor":20},{"not_picked":["Creative AI","Sweeping Beam+1"],"picked":"Conserve Battery+1","floor":21},{"not_picked":["Loop","Melter+1"],"picked":"Reinforced Body+1","floor":23},{"not_picked":["Melter+1","Beam Cell+1"],"picked":"Scrape+1","floor":27},{"not_picked":["Rebound+1","Cold Snap+1"],"picked":"Gash+1","floor":30},{"not_picked":["Double Energy","Go for the Eyes+1","Self Repair"],"picked":"SKIP","floor":31},{"not_picked":["Steam","Rebound+1","Stack"],"picked":"SKIP","floor":35},{"not_picked":["Reinforced Body","Conserve Battery+1"],"picked":"Hologram","floor":36},{"not_picked":["Go for the Eyes+1","BootSequence"],"picked":"Coolheaded+1","floor":37},{"not_picked":["Melter+1","Darkness"],"picked":"Biased Cognition","floor":40},{"not_picked":["Sunder+1","Chill"],"picked":"Recycle+1","floor":42},{"not_picked":["Reprogram","Stack","Rebound+1"],"picked":"SKIP","floor":47},{"not_picked":["Stack","Rebound+1"],"picked":"Reprogram","floor":47}],"player_experience":6342289,"relics_obtained":[{"floor":7,"key":"The Courier"},{"floor":9,"key":"Bag of Preparation"},{"floor":10,"key":"Molten Egg 2"},{"floor":13,"key":"Art of War"},{"floor":23,"key":"Tiny Chest"},{"floor":25,"key":"Meat on the Bone"},{"floor":30,"key":"Blood Vial"},{"floor":40,"key":"Calipers"},{"floor":42,"key":"Centennial Puzzle"},{"floor":47,"key":"Nunchaku"},{"floor":48,"key":"Torii"}],"event_choices":[{"cards_removed":["Strike_B"],"damage_healed":0,"gold_gain":0,"player_choice":"Card Removal","damage_taken":0,"max_hp_gain":0,"max_hp_loss":0,"event_name":"The Cleric","floor":3,"gold_loss":75},{"damage_healed":0,"gold_gain":0,"player_choice":"Ignored","damage_taken":0,"max_hp_gain":0,"max_hp_loss":0,"event_name":"Liars Game","floor":14,"gold_loss":0},{"cards_removed":["Defend_B"],"damage_healed":0,"gold_gain":0,"player_choice":"Elegance","damage_taken":0,"max_hp_gain":0,"max_hp_loss":0,"event_name":"Back to Basics","floor":22,"gold_loss":0},{"damage_healed":0,"gold_gain":0,"player_choice":"Upgraded","damage_taken":0,"max_hp_gain":0,"max_hp_loss":0,"event_name":"Upgrade Shrine","floor":28,"gold_loss":0,"cards_upgraded":["Scrape"]},{"damage_healed":0,"gold_gain":0,"player_choice":"Embrace Madness","damage_taken":12,"max_hp_gain":0,"max_hp_loss":0,"event_name":"Winding Halls","floor":39,"gold_loss":0,"cards_obtained":["Madness","Madness"]},{"damage_healed":0,"gold_gain":0,"player_choice":"Fight","damage_taken":0,"max_hp_gain":0,"max_hp_loss":0,"event_name":"MindBloom","floor":48,"gold_loss":0}],"is_beta":false,"boss_relics":[{"not_picked":["Sozu","Snecko Eye"],"picked":"Empty Cage"},{"not_picked":["Pandora\u0027s Box","SacredBark"],"picked":"Cursed Key"}],"items_purged_floors":[24],"is_endless":false,"potions_floor_spawned":[4,7,8,10,13,16,21,25,27,37,38,40,42],"killed_by":"Time Eater","ascension_level":20}