{"gold_per_floor":[112,187,203,221,241,266,266,278,278,278,298,316,316,341,341,413,413,430,400,415,125,50,75,87,87,87,87,87,113,113,127,127,205,205,221,236,236,99,115,144,144,144,191,201,201,201,201,219,219,219,219],"floor_reached":51,"playtime":5197,"items_purged":["Strike_B","Strike_B"],"score":1379,"play_id":"7eee5d08-9c86-46c3-9a32-9629f934a46e","local_time":"20220225134221","is_ascension_mode":true,"campfire_choices":[{"floor":7,"key":"REST"},{"data":"Barrage","floor":10,"key":"SMITH"},{"data":"Creative AI","floor":15,"key":"SMITH"},{"floor":27,"key":"REST"},{"floor":30,"key":"REST"},{"data":"Capacitor","floor":32,"key":"SMITH"},{"floor":41,"key":"REST"},{"floor":47,"key":"RECALL"},{"data":"Seek","floor":49,"key":"SMITH"}],"neow_cost":"NONE","seed_source_timestamp":66216107441400,"circlet_count":0,"master_deck":["AscendersBane","Defend_B","Defend_B","Defend_B","Defend_B","Zap","Dualcast","Barrage+1","Glacier","Chill","Rebound","Creative AI+1","Capacitor+1","Storm","Beam Cell","Skim","Electrodynamics","Lockon","Auto Shields","Skim","Coolheaded","Barrage","Coolheaded","Self Repair","BootSequence","Defragment+1","Seek+1","Turbo","Blind","Secret Technique","White Noise","Coolheaded+1","Turbo","Shame","Double Energy+1"],"relics":["Cracked Core","Regal Pillow","Sundial","Juzu Bracelet","Cursed Key","Orrery","StrikeDummy","Strawberry","Inserter","Ginger"],"potions_floor_usage":[6,6,8,23,24,29,33,39,51,51],"damage_taken":[{"damage":4,"enemies":"Jaw Worm","floor":1,"turns":4},{"damage":3,"enemies":"2 Louse","floor":3,"turns":2},{"damage":0,"enemies":"Cultist","floor":4,"turns":3},{"damage":3,"enemies":"2 Fungi Beasts","floor":5,"turns":4},{"damage":26,"enemies":"Lagavulin","floor":6,"turns":7},{"damage":1,"enemies":"Gremlin Gang","floor":8,"turns":3},{"damage":0,"enemies":"Looter","floor":11,"turns":3},{"damage":14,"enemies":"2 Fungi Beasts","floor":12,"turns":4},{"damage":7,"enemies":"Gremlin Nob","floor":14,"turns":3},{"damage":17,"enemies":"Hexaghost","floor":16,"turns":8},{"damage":6,"enemies":"Chosen","floor":18,"turns":5},{"damage":13,"enemies":"Spheric Guardian","floor":20,"turns":5},{"damage":10,"enemies":"Slavers","floor":23,"turns":3},{"damage":21,"enemies":"Shelled Parasite and Fungi","floor":24,"turns":7},{"damage":49,"enemies":"Book of Stabbing","floor":29,"turns":6},{"damage":7,"enemies":"Snake Plant","floor":31,"turns":5},{"damage":41,"enemies":"Collector","floor":33,"turns":10},{"damage":10,"enemies":"3 Shapes","floor":35,"turns":7},{"damage":20,"enemies":"3 Darklings","floor":36,"turns":6},{"damage":1,"enemies":"4 Shapes","floor":39,"turns":7},{"damage":15,"enemies":"Nemesis","floor":40,"turns":7},{"damage":47,"enemies":"Transient","floor":44,"turns":6},{"damage":0,"enemies":"Sphere and 2 Shapes","floor":48,"turns":7},{"damage":10,"enemies":"Time Eater","floor":50,"turns":21},{"damage":56,"enemies":"Donu and Deca","floor":51,"turns":6}],"seed_played":"8644064506873199622","potions_obtained":[{"floor":3,"key":"FearPotion"},{"floor":4,"key":"Fire Potion"},{"floor":6,"key":"Fire Potion"},{"floor":16,"key":"DuplicationPotion"},{"floor":18,"key":"FearPotion"},{"floor":19,"key":"Swift Potion"},{"floor":23,"key":"Swift Potion"},{"floor":24,"key":"Swift Potion"},{"floor":33,"key":"LiquidBronze"},{"floor":35,"key":"Explosive Potion"},{"floor":36,"key":"LiquidMemories"},{"floor":48,"key":"Weak Potion"}],"is_trial":false,"path_per_floor":["M","?","M","M","M","E","R","M","T","R","M","M","?","E","R","B",null,"M","?","M","$","?","E","M","$","T","R","?","E","R","M","R","B",null,"M","M","?","$","M","E","R","?","T","M","?","?","R","M","R","B","B"],"character_chosen":"DEFECT","items_purchased":["Orrery","Self Repair","White Noise"],"campfire_rested":4,"item_purchase_floors":[21,21,38],"current_hp_per_floor":[60,49,46,46,43,17,53,52,52,52,52,38,38,31,31,14,57,51,51,38,38,38,28,14,14,14,50,50,15,53,53,53,19,63,67,54,44,44,50,42,78,78,78,38,38,38,38,45,45,42,0],"gold":219,"neow_bonus":"THREE_CARDS","is_prod":false,"is_daily":false,"chose_seed":false,"campfire_upgraded":4,"win_rate":0,"timestamp":1645814541,"path_taken":["M","?","M","M","M","E","R","M","T","R","M","M","?","E","R","BOSS","M","?","M","?","?","E","M","$","T","R","?","E","R","M","R","BOSS","M","M","?","$","M","E","R","?","T","M","?","?","R","M","R","BOSS","BOSS"],"build_version":"2020-12-22","purchased_purges":2,"victory":false,"max_hp_per_floor":[71,71,71,71,71,71,71,71,71,71,71,71,71,71,71,71,71,71,71,71,71,71,71,71,71,71,71,71,78,78,78,78,78,78,78,78,78,78,78,78,78,78,78,78,74,74,74,74,74,74,74],"relic_stats":{"Regal Pillow":58,"Inserter":[26],"counters":[25,149],"Sundial":[12],"Juzu Bracelet":1,"Ginger":[2],"Cursed Key":1,"obtain_stats":[{"Regal Pillow":6,"Inserter":34,"Sundial":9,"Strawberry":29,"Orrery":21,"Juzu Bracelet":14,"Ginger":40,"Cracked Core":0,"Cursed Key":17,"StrikeDummy":23},{"Regal Pillow":5,"Inserter":17,"Sundial":6,"Strawberry":15,"Orrery":12,"Juzu Bracelet":9,"Ginger":21,"Cracked Core":0,"Cursed Key":10,"StrikeDummy":13},{"Regal Pillow":20,"Inserter":82,"Sundial":23,"Strawberry":67,"Orrery":51,"Juzu Bracelet":33,"Ginger":109,"Cracked Core":0,"Cursed Key":41,"StrikeDummy":54}]},"card_choices":[{"not_picked":["Double Energy","Redo"],"picked":"Barrage","floor":0},{"not_picked":["Streamline","BootSequence"],"picked":"Glacier","floor":1},{"not_picked":["Barrage","Redo"],"picked":"Chill","floor":3},{"not_picked":["Static Discharge","Cold Snap"],"picked":"Rebound","floor":4},{"not_picked":["Gash","Stack","Static Discharge"],"picked":"SKIP","floor":5},{"not_picked":["Gash","Stack","Static Discharge"],"picked":"SKIP","floor":5},{"not_picked":["BootSequence","Fusion"],"picked":"Creative AI","floor":6},{"not_picked":["Cold Snap","Gash"],"picked":"Capacitor","floor":8},{"not_picked":["Coolheaded","Conserve Battery"],"picked":"Storm","floor":11},{"not_picked":["Consume","Cold Snap"],"picked":"Beam Cell","floor":12},{"not_picked":["Steam Power","Chaos"],"picked":"Skim","floor":14},{"not_picked":["Echo Form","Creative AI"],"picked":"Electrodynamics","floor":16},{"not_picked":["Doom and Gloom","Gash"],"picked":"Lockon","floor":18},{"not_picked":["Gash","Static Discharge"],"picked":"Auto Shields","floor":20},{"not_picked":["Gash","Hello World"],"picked":"Skim","floor":21},{"not_picked":["Go for the Eyes","Loop"],"picked":"Coolheaded","floor":21},{"not_picked":["Electrodynamics","Gash"],"picked":"Barrage","floor":21},{"not_picked":["Redo","White Noise"],"picked":"Coolheaded","floor":21},{"not_picked":["BootSequence","Barrage","Melter"],"picked":"SKIP","floor":23},{"not_picked":["Rebound","Steam","Cold Snap"],"picked":"SKIP","floor":24},{"not_picked":["Redo","Scrape","Conserve Battery"],"picked":"SKIP","floor":29},{"not_picked":["Coolheaded","Leap"],"picked":"Defragment+1","floor":31},{"not_picked":["Hyperbeam","Fission"],"picked":"Seek","floor":33},{"not_picked":["Rebound","Reprogram+1"],"picked":"Turbo","floor":35},{"not_picked":["Beam Cell","Ball Lightning","Sweeping Beam+1"],"picked":"SKIP","floor":36},{"not_picked":["Flash of Steel","Enlightenment"],"picked":"Blind","floor":37},{"not_picked":["Jack Of All Trades","Impatience"],"picked":"Secret Technique","floor":37},{"not_picked":["Ball Lightning","Barrage"],"picked":"Coolheaded+1","floor":39},{"not_picked":["Gash","Compile Driver"],"picked":"Turbo","floor":40},{"not_picked":["Barrage","Rip and Tear","Compile Driver"],"picked":"SKIP","floor":44},{"not_picked":["Turbo","Beam Cell"],"picked":"Double Energy+1","floor":48}],"player_experience":6333698,"relics_obtained":[{"floor":6,"key":"Regal Pillow"},{"floor":9,"key":"Sundial"},{"floor":14,"key":"Juzu Bracelet"},{"floor":23,"key":"StrikeDummy"},{"floor":29,"key":"Strawberry"},{"floor":40,"key":"Ginger"}],"event_choices":[{"damage_healed":0,"gold_gain":75,"player_choice":"Gather Gold","damage_taken":11,"max_hp_gain":0,"max_hp_loss":0,"event_name":"World of Goop","floor":2,"gold_loss":0},{"damage_healed":0,"gold_gain":0,"player_choice":"Ignored","damage_taken":0,"max_hp_gain":0,"max_hp_loss":0,"event_name":"Shining Light","floor":13,"gold_loss":0},{"damage_healed":0,"gold_gain":0,"player_choice":"Bought 2 Potions","damage_taken":0,"max_hp_gain":0,"max_hp_loss":0,"event_name":"The Woman in Blue","floor":19,"gold_loss":0},{"damage_healed":0,"gold_gain":0,"cards_transformed":["Strike_B","Strike_B"],"player_choice":"Transformed Cards","damage_taken":0,"max_hp_gain":0,"max_hp_loss":0,"event_name":"Designer","floor":22,"gold_loss":75,"cards_obtained":["BootSequence","Lockon"]},{"damage_healed":0,"gold_gain":0,"player_choice":"Ignored","damage_taken":0,"max_hp_gain":0,"max_hp_loss":0,"event_name":"The Mausoleum","floor":28,"gold_loss":0},{"damage_healed":0,"gold_gain":0,"player_choice":"Memory 3","damage_taken":10,"max_hp_gain":0,"max_hp_loss":0,"event_name":"SensoryStone","floor":37,"gold_loss":0},{"cards_removed":["Lockon"],"damage_healed":0,"gold_gain":0,"player_choice":"Removed Attack","damage_taken":0,"max_hp_gain":0,"max_hp_loss":0,"event_name":"Falling","floor":42,"gold_loss":0},{"damage_healed":0,"gold_gain":0,"player_choice":"Max HP","damage_taken":0,"max_hp_gain":0,"max_hp_loss":4,"event_name":"Winding Halls","floor":45,"gold_loss":0},{"damage_healed":0,"gold_gain":0,"player_choice":"Ignored","damage_taken":0,"max_hp_gain":0,"max_hp_loss":0,"event_name":"Mysterious Sphere","floor":46,"gold_loss":0}],"is_beta":false,"boss_relics":[{"not_picked":["Astrolabe","Ectoplasm"],"picked":"Cursed Key"},{"not_picked":["Busted Crown","Sozu"],"picked":"Inserter"}],"items_purged_floors":[21,38],"is_endless":false,"potions_floor_spawned":[3,4,5,6,16,18,23,24,33,35,36,48],"killed_by":"Donu and Deca","ascension_level":20}