{"gold_per_floor":[109,2,2,20,34,64,64,89,143,162,182,21,21,21,21,95,95,115,129,129,142,142,142,162,162,162,194,33,45,45,73,73,150,150,163,163,173,15,33,90,90,132,132,152,198,223,242,276,276,276,276,276,276,25,63,63],"floor_reached":57,"playtime":7750,"items_purged":[],"score":3013,"play_id":"76c8992b-c608-478f-8797-4e801594c389","local_time":"20220222142610","is_ascension_mode":true,"campfire_choices":[{"data":"Streamline","floor":7,"key":"SMITH"},{"floor":13,"key":"REST"},{"data":"Conserve Battery","floor":15,"key":"SMITH"},{"data":"Recycle","floor":23,"key":"SMITH"},{"data":"Fission","floor":25,"key":"SMITH"},{"data":"Consume","floor":30,"key":"SMITH"},{"data":"Capacitor","floor":32,"key":"SMITH"},{"floor":41,"key":"RECALL"},{"floor":49,"key":"REST"},{"floor":53,"key":"REST"}],"neow_cost":"TEN_PERCENT_HP_LOSS","seed_source_timestamp":338645458465500,"circlet_count":0,"master_deck":["AscendersBane","Dualcast","Barrage+1","Coolheaded","Rebound","Streamline+1","Conserve Battery+1","Core Surge","Steam","Ball Lightning","Fission+1","Chill","Consume+1","Recycle+1","Capacitor+1","Hologram+1","Storm","Self Repair","Ball Lightning+1","Hologram+1","Coolheaded+1","Hologram","Defragment","Seek+1","Double Energy","Electrodynamics","Blade Dance","Recycle+1","Body Slam+1","Stack+1","Corruption","Hologram","Feel No Pain+1"],"relics":["Cracked Core","Dead Branch","Bottled Flame","Bag of Preparation","Centennial Puzzle","PreservedInsect","Pandora\u0027s Box","War Paint","Lantern","Toolbox","Mango","Fusion Hammer","PrismaticShard","CeramicFish","Kunai","Orichalcum","Runic Capacitor","DataDisk"],"potions_floor_usage":[6,8,8,21,29,56,56],"damage_taken":[{"damage":1,"enemies":"2 Louse","floor":1,"turns":2},{"damage":0,"enemies":"Cultist","floor":4,"turns":3},{"damage":7,"enemies":"Small Slimes","floor":5,"turns":3},{"damage":17,"enemies":"3 Sentries","floor":6,"turns":5},{"damage":27,"enemies":"Gremlin Nob","floor":8,"turns":4},{"damage":5,"enemies":"Gremlin Gang","floor":10,"turns":4},{"damage":0,"enemies":"Blue Slaver","floor":11,"turns":3},{"damage":17,"enemies":"The Guardian","floor":16,"turns":12},{"damage":1,"enemies":"Chosen","floor":18,"turns":5},{"damage":1,"enemies":"3 Byrds","floor":19,"turns":3},{"damage":3,"enemies":"Shelled Parasite and Fungi","floor":21,"turns":6},{"damage":6,"enemies":"Snake Plant","floor":24,"turns":5},{"damage":0,"enemies":"Slavers","floor":27,"turns":3},{"damage":0,"enemies":"3 Cultists","floor":29,"turns":4},{"damage":8,"enemies":"Book of Stabbing","floor":31,"turns":3},{"damage":9,"enemies":"Champ","floor":33,"turns":9},{"damage":0,"enemies":"3 Darklings","floor":35,"turns":3},{"damage":0,"enemies":"3 Shapes","floor":37,"turns":7},{"damage":0,"enemies":"Writhing Mass","floor":39,"turns":3},{"damage":0,"enemies":"Reptomancer","floor":40,"turns":2},{"damage":0,"enemies":"Giant Head","floor":42,"turns":5},{"damage":0,"enemies":"Transient","floor":44,"turns":6},{"damage":0,"enemies":"3 Darklings","floor":45,"turns":2},{"damage":0,"enemies":"Spire Growth","floor":46,"turns":2},{"damage":0,"enemies":"Jaw Worm Horde","floor":47,"turns":2},{"damage":0,"enemies":"Reptomancer","floor":48,"turns":2},{"damage":19,"enemies":"Time Eater","floor":50,"turns":7},{"damage":20,"enemies":"Awakened One","floor":51,"turns":8},{"damage":33,"enemies":"Shield and Spear","floor":55,"turns":3},{"damage":18,"enemies":"The Heart","floor":56,"turns":5}],"seed_played":"4483346933099754718","potions_obtained":[{"floor":5,"key":"Fire Potion"},{"floor":6,"key":"PowerPotion"},{"floor":8,"key":"Block Potion"},{"floor":18,"key":"FearPotion"},{"floor":24,"key":"Fruit Juice"},{"floor":29,"key":"FocusPotion"},{"floor":39,"key":"PotionOfCapacity"}],"is_trial":false,"path_per_floor":["M","$","?","M","M","E","R","E","T","M","M","$","R","?","R","B",null,"M","M","?","M","?","R","M","R","T","E","$","M","R","E","R","B",null,"M","?","M","$","M","E","R","E","T","M","M","M","M","E","R","B","B",null,"R","$","E","B",null],"character_chosen":"DEFECT","items_purchased":["Strength Potion","Coolheaded","PreservedInsect","Toolbox","PrismaticShard","Runic Capacitor","Ancient Potion"],"campfire_rested":3,"item_purchase_floors":[2,2,12,28,38,54,54],"current_hp_per_floor":[63,63,63,63,56,39,39,12,12,7,7,7,26,26,26,9,50,56,62,62,64,47,47,48,48,48,55,55,67,67,80,80,78,86,88,88,88,88,88,88,88,88,88,88,88,88,88,88,88,76,56,80,88,88,55,44],"gold":63,"neow_bonus":"ONE_RARE_RELIC","is_prod":false,"is_daily":false,"chose_seed":false,"campfire_upgraded":6,"win_rate":0,"timestamp":1645557970,"path_taken":["M","$","?","M","M","E","R","E","T","M","?","?","R","?","R","BOSS","M","?","?","?","?","R","M","R","T","E","$","M","R","E","R","BOSS","M","?","M","?","M","E","R","E","T","M","M","M","M","E","R","BOSS","BOSS","R","$","E","BOSS"],"build_version":"2020-12-22","purchased_purges":0,"victory":true,"max_hp_per_floor":[64,64,64,64,64,64,64,64,64,64,64,64,64,64,64,64,64,64,64,64,64,69,69,69,69,69,69,69,74,74,88,88,88,88,88,88,88,88,88,88,88,88,88,88,88,88,88,88,88,88,88,88,88,88,88,88],"relic_stats":{"Bottled Flame":"Streamline","Centennial Puzzle":[35],"counters":[30,131],"Dead Branch":[377],"CeramicFish":72,"Pandora\u0027s Box":["Chill","Consume","Recycle","Capacitor","Hologram","Storm","Self Repair"],"PreservedInsect":409,"Bag of Preparation":[50],"Kunai":[37],"War Paint":["Hologram","Coolheaded"],"Orichalcum":[6],"obtain_stats":[{"Lantern":27,"Dead Branch":0,"CeramicFish":40,"Mango":31,"PreservedInsect":12,"Bag of Preparation":8,"Runic Capacitor":54,"War Paint":26,"Orichalcum":48,"PrismaticShard":38,"Bottled Flame":6,"Centennial Puzzle":9,"DataDisk":55,"Toolbox":28,"Pandora\u0027s Box":17,"Fusion Hammer":34,"Kunai":42,"Cracked Core":0},{"Lantern":13,"Dead Branch":0,"CeramicFish":20,"Mango":15,"PreservedInsect":7,"Bag of Preparation":5,"Runic Capacitor":28,"War Paint":12,"Orichalcum":26,"PrismaticShard":18,"Bottled Flame":4,"Centennial Puzzle":5,"DataDisk":29,"Toolbox":13,"Pandora\u0027s Box":8,"Fusion Hammer":16,"Kunai":21,"Cracked Core":0},{"Lantern":58,"Dead Branch":0,"CeramicFish":89,"Mango":65,"PreservedInsect":24,"Bag of Preparation":17,"Runic Capacitor":123,"War Paint":55,"Orichalcum":108,"PrismaticShard":84,"Bottled Flame":13,"Centennial Puzzle":17,"DataDisk":126,"Toolbox":58,"Pandora\u0027s Box":36,"Fusion Hammer":74,"Kunai":94,"Cracked Core":0}]},"card_choices":[{"not_picked":["Aggregate","Chaos"],"picked":"Barrage","floor":1},{"not_picked":["Storm","Compile Driver"],"picked":"Rebound","floor":4},{"not_picked":["Gash","Rip and Tear"],"picked":"Streamline","floor":5},{"not_picked":["Conserve Battery","Rip and Tear","Sunder"],"picked":"SKIP","floor":6},{"not_picked":["Rip and Tear","Sunder"],"picked":"Conserve Battery","floor":6},{"not_picked":["Hello World","Turbo"],"picked":"Core Surge","floor":8},{"not_picked":["Coolheaded","Compile Driver"],"picked":"Steam","floor":10},{"not_picked":["Loop","Scrape"],"picked":"Ball Lightning","floor":11},{"not_picked":["Thunder Strike","Buffer"],"picked":"Fission","floor":16},{"not_picked":["Cold Snap","Redo+1"],"picked":"Ball Lightning+1","floor":18},{"not_picked":["Compile Driver","Gash"],"picked":"Hologram+1","floor":19},{"not_picked":["Streamline","Barrage","Rebound+1"],"picked":"SKIP","floor":21},{"not_picked":["Streamline","Barrage","Rebound+1"],"picked":"SKIP","floor":21},{"not_picked":["Gash","Thunder Strike"],"picked":"Coolheaded","floor":24},{"not_picked":["Sweeping Beam","Consume","FTL+1"],"picked":"SKIP","floor":27},{"not_picked":["Leap","Turbo"],"picked":"Hologram","floor":29},{"not_picked":["Redo","Rebound"],"picked":"Defragment","floor":31},{"not_picked":["Creative AI","Meteor Strike"],"picked":"Seek","floor":33},{"not_picked":["Reprogram","Go for the Eyes","Compile Driver"],"picked":"SKIP","floor":35},{"not_picked":["Reprogram","Go for the Eyes","Compile Driver"],"picked":"SKIP","floor":35},{"not_picked":["Hello World","Compile Driver","Steam"],"picked":"SKIP","floor":37},{"not_picked":["Searing Blow","Ball Lightning"],"picked":"Double Energy","floor":39},{"not_picked":["Ball Lightning","Outmaneuver"],"picked":"Electrodynamics","floor":40},{"not_picked":["Nirvana","All For One"],"picked":"Blade Dance","floor":42},{"not_picked":["Hologram","Sword Boomerang+1"],"picked":"Recycle+1","floor":44},{"not_picked":["ThirdEye+1","Auto Shields"],"picked":"Body Slam+1","floor":45},{"not_picked":["Rampage","Coolheaded+1"],"picked":"Stack+1","floor":46},{"not_picked":["Backflip","ClearTheMind"],"picked":"Corruption","floor":47},{"not_picked":["Evaluate","Prepared+1"],"picked":"Hologram","floor":48},{"not_picked":["Acrobatics","Uppercut"],"picked":"Feel No Pain+1","floor":55}],"player_experience":6304443,"relics_obtained":[{"floor":6,"key":"Bottled Flame"},{"floor":8,"key":"Bag of Preparation"},{"floor":9,"key":"Centennial Puzzle"},{"floor":26,"key":"War Paint"},{"floor":27,"key":"Lantern"},{"floor":31,"key":"Mango"},{"floor":40,"key":"CeramicFish"},{"floor":42,"key":"Kunai"},{"floor":48,"key":"Orichalcum"},{"floor":55,"key":"DataDisk"}],"event_choices":[{"damage_healed":0,"gold_gain":0,"player_choice":"Upgraded","damage_taken":0,"max_hp_gain":0,"max_hp_loss":0,"event_name":"Upgrade Shrine","floor":3,"gold_loss":0,"cards_upgraded":["Barrage"]},{"cards_removed":["Strike_B"],"damage_healed":0,"gold_gain":0,"player_choice":"Card Removal","damage_taken":0,"max_hp_gain":0,"max_hp_loss":0,"event_name":"Wheel of Change","floor":14,"gold_loss":0},{"cards_removed":["Zap"],"damage_healed":0,"gold_gain":0,"player_choice":"Purged","damage_taken":0,"max_hp_gain":0,"max_hp_loss":0,"event_name":"Purifier","floor":20,"gold_loss":0},{"damage_healed":0,"gold_gain":0,"player_choice":"Shed Blood","damage_taken":22,"max_hp_gain":5,"max_hp_loss":0,"event_name":"Forgotten Altar","floor":22,"gold_loss":0},{"damage_healed":0,"gold_gain":0,"player_choice":"Forge","damage_taken":0,"max_hp_gain":0,"max_hp_loss":0,"event_name":"Accursed Blacksmith","floor":36,"gold_loss":0,"cards_upgraded":["Seek"]}],"is_beta":false,"boss_relics":[{"not_picked":["FrozenCore","Empty Cage"],"picked":"Pandora\u0027s Box"},{"not_picked":["Snecko Eye","SacredBark"],"picked":"Fusion Hammer"}],"items_purged_floors":[],"is_endless":false,"potions_floor_spawned":[5,6,8,18,24,29,33,37,39,42,45],"ascension_level":20}