{"gold_per_floor":[109,184,149,164,175,175,190,218,218,238,273,287,299,319,319,393,393,408,408,428,353,372,400,69,82,82,117,117,117,134,148,148,221,221,231,241,254,154,154,184,184,217,244,292,307,332,361,372,372,372,372,372,372,40,66,66],"floor_reached":57,"playtime":5574,"items_purged":["Strike_B","Defend_B","Defend_B"],"score":3371,"play_id":"dca6d165-064a-425c-96c2-f108a83b684f","local_time":"20220303181413","is_ascension_mode":true,"campfire_choices":[{"data":"Darkness","floor":6,"key":"SMITH"},{"data":"Dualcast","floor":15,"key":"SMITH"},{"data":"Capacitor","floor":29,"key":"SMITH"},{"data":"Meteor Strike","floor":32,"key":"SMITH"},{"floor":49,"key":"RECALL"},{"floor":53,"key":"REST"}],"neow_cost":"NONE","seed_source_timestamp":600524280082000,"circlet_count":0,"master_deck":["AscendersBane","Defend_B","Defend_B","Zap","Dualcast+1","Conserve Battery","Darkness+1","Glacier","Rebound","Compile Driver","Seek+1","Darkness+1","Turbo+1","Tempest+1","White Noise+1","Meteor Strike+1","Hologram+1","Ghostly+1","Ghostly+1","Ghostly+1","Capacitor+1","Double Energy+1","Compile Driver","Chill+1","Conserve Battery+1","Seek+1","Buffer+1","Coolheaded+1","Capacitor+1","Compile Driver","Chaos+1","Biased Cognition+1","Redo+1","Creative AI+1","Loop+1","Heatsinks+1","Enlightenment+1"],"relics":["Runic Pyramid","Toxic Egg 2","Lizard Tail","Thread and Needle","Empty Cage","Frozen Egg 2","Bag of Preparation","Potion Belt","Philosopher\u0027s Stone","Letter Opener","PreservedInsect","Vajra","TungstenRod","Prayer Wheel","Symbiotic Virus","White Beast Statue"],"potions_floor_usage":[18,40,50,50,56,56,56],"damage_taken":[{"damage":1,"enemies":"Small Slimes","floor":1,"turns":4},{"damage":0,"enemies":"2 Louse","floor":4,"turns":3},{"damage":2,"enemies":"Jaw Worm","floor":5,"turns":3},{"damage":0,"enemies":"Blue Slaver","floor":7,"turns":4},{"damage":0,"enemies":"Lagavulin","floor":8,"turns":7},{"damage":6,"enemies":"Exordium Wildlife","floor":10,"turns":3},{"damage":0,"enemies":"3 Sentries","floor":11,"turns":6},{"damage":0,"enemies":"Looter","floor":12,"turns":3},{"damage":2,"enemies":"Large Slime","floor":13,"turns":3},{"damage":0,"enemies":"Blue Slaver","floor":14,"turns":3},{"damage":4,"enemies":"Hexaghost","floor":16,"turns":7},{"damage":0,"enemies":"Shell Parasite","floor":18,"turns":4},{"damage":0,"enemies":"3 Byrds","floor":20,"turns":4},{"damage":0,"enemies":"3 Cultists","floor":22,"turns":5},{"damage":0,"enemies":"Book of Stabbing","floor":23,"turns":5},{"damage":0,"enemies":"Centurion and Healer","floor":25,"turns":3},{"damage":0,"enemies":"Gremlin Leader","floor":27,"turns":4},{"damage":0,"enemies":"Cultist and Chosen","floor":30,"turns":2},{"damage":2,"enemies":"Shelled Parasite and Fungi","floor":31,"turns":4},{"damage":0,"enemies":"Automaton","floor":33,"turns":8},{"damage":0,"enemies":"3 Darklings","floor":35,"turns":2},{"damage":0,"enemies":"3 Shapes","floor":36,"turns":3},{"damage":0,"enemies":"Transient","floor":37,"turns":6},{"damage":0,"enemies":"Reptomancer","floor":40,"turns":5},{"damage":0,"enemies":"Nemesis","floor":42,"turns":5},{"damage":0,"enemies":"2 Orb Walkers","floor":44,"turns":3},{"damage":0,"enemies":"Maw","floor":45,"turns":3},{"damage":0,"enemies":"Mind Bloom Boss Battle","floor":46,"turns":6},{"damage":0,"enemies":"Reptomancer","floor":47,"turns":3},{"damage":1,"enemies":"3 Darklings","floor":48,"turns":4},{"damage":19,"enemies":"Awakened One","floor":50,"turns":13},{"damage":0,"enemies":"Time Eater","floor":51,"turns":6},{"damage":0,"enemies":"Shield and Spear","floor":55,"turns":3},{"damage":7,"enemies":"The Heart","floor":56,"turns":7}],"seed_played":"-8744759219821110283","potions_obtained":[{"floor":5,"key":"Block Potion"},{"floor":11,"key":"LiquidBronze"},{"floor":12,"key":"PowerPotion"},{"floor":18,"key":"LiquidMemories"},{"floor":22,"key":"GamblersBrew"},{"floor":30,"key":"AttackPotion"},{"floor":37,"key":"Dexterity Potion"},{"floor":40,"key":"DuplicationPotion"},{"floor":55,"key":"Swift Potion"}],"is_trial":false,"path_per_floor":["M","?","?","M","M","R","M","E","T","M","E","M","M","M","R","B",null,"M","?","M","?","M","E","$","M","T","E","?","R","M","M","R","B",null,"M","M","M","$","?","E","?","E","T","?","M","?","E","M","R","B","B",null,"R","$","E","B",null],"character_chosen":"DEFECT","items_purchased":["Bag of Preparation","Loop+1","FocusPotion","Heatsinks+1","Enlightenment+1"],"campfire_rested":1,"item_purchase_floors":[24,24,54,54,54],"current_hp_per_floor":[63,52,69,69,67,67,67,67,67,61,61,61,59,59,59,55,67,67,35,35,35,35,35,35,35,35,35,35,35,35,33,33,33,35,35,35,35,35,35,35,35,35,35,35,35,35,35,34,34,15,15,30,35,35,35,28],"gold":66,"neow_bonus":"BOSS_RELIC","is_prod":false,"is_daily":false,"chose_seed":false,"campfire_upgraded":4,"win_rate":0,"timestamp":1646349253,"path_taken":["M","?","?","M","M","R","M","E","T","M","E","M","M","M","R","BOSS","M","?","M","?","M","E","$","M","T","E","?","R","?","M","R","BOSS","M","M","M","$","?","E","?","E","T","?","M","?","E","M","R","BOSS","BOSS","R","$","E","BOSS"],"build_version":"2022-02-27","purchased_purges":3,"victory":true,"max_hp_per_floor":[71,71,71,71,71,71,71,71,71,71,71,71,71,71,71,71,71,71,35,35,35,35,35,35,35,35,35,35,35,35,35,35,35,35,35,35,35,35,35,35,35,35,35,35,35,35,35,35,35,35,35,35,35,35,35,35],"relic_stats":{"Lizard Tail":0,"counters":[34,154],"Prayer Wheel":1,"PreservedInsect":137,"Bag of Preparation":[38],"Letter Opener":[306],"obtain_stats":[{"Potion Belt":27,"Vajra":43,"Thread and Needle":11,"PreservedInsect":42,"Bag of Preparation":24,"Letter Opener":40,"Frozen Egg 2":23,"Empty Cage":17,"White Beast Statue":55,"Lizard Tail":9,"Philosopher\u0027s Stone":34,"Prayer Wheel":46,"Toxic Egg 2":8,"Cracked Core":0,"Symbiotic Virus":47,"TungstenRod":44,"Runic Pyramid":0},{"Potion Belt":17,"Vajra":25,"Thread and Needle":7,"PreservedInsect":25,"Bag of Preparation":15,"Letter Opener":24,"Frozen Egg 2":15,"Empty Cage":11,"White Beast Statue":33,"Lizard Tail":5,"Philosopher\u0027s Stone":20,"Prayer Wheel":28,"Toxic Egg 2":5,"Cracked Core":0,"Symbiotic Virus":29,"TungstenRod":26,"Runic Pyramid":0},{"Potion Belt":71,"Vajra":106,"Thread and Needle":30,"PreservedInsect":106,"Bag of Preparation":64,"Letter Opener":101,"Frozen Egg 2":64,"Empty Cage":46,"White Beast Statue":147,"Lizard Tail":21,"Philosopher\u0027s Stone":85,"Prayer Wheel":118,"Toxic Egg 2":21,"Cracked Core":0,"Symbiotic Virus":121,"TungstenRod":109,"Runic Pyramid":0}],"TungstenRod":26,"White Beast Statue":[0.0,0.0,0.0,1.0,0.0,0.0,0.0,0.0,0.0,0.0,0.0,0.0]},"card_choices":[{"not_picked":["Blizzard","White Noise"],"picked":"Conserve Battery","floor":1},{"not_picked":["Steam","Go for the Eyes"],"picked":"Darkness","floor":4},{"not_picked":["Beam Cell","Leap"],"picked":"Glacier","floor":5},{"not_picked":["Skim","Tempest"],"picked":"Rebound","floor":7},{"not_picked":["Streamline","Glacier+1"],"picked":"Compile Driver","floor":8},{"not_picked":["Ball Lightning","Steam+1"],"picked":"Seek+1","floor":10},{"not_picked":["Consume+1","Go for the Eyes"],"picked":"Darkness+1","floor":11},{"not_picked":["Go for the Eyes","Beam Cell"],"picked":"Turbo+1","floor":12},{"not_picked":["Ball Lightning","Turbo+1"],"picked":"Tempest+1","floor":13},{"not_picked":["Go for the Eyes","Leap+1"],"picked":"White Noise+1","floor":14},{"not_picked":["Hyperbeam","Machine Learning"],"picked":"Meteor Strike","floor":16},{"not_picked":["Streamline","Gash"],"picked":"Hologram+1","floor":18},{"not_picked":["Heatsinks","Leap+1"],"picked":"Capacitor","floor":20},{"not_picked":["Aggregate+1","Redo+1"],"picked":"Double Energy+1","floor":22},{"not_picked":["Chaos+1","Sweeping Beam"],"picked":"Compile Driver","floor":23},{"not_picked":["Turbo+1","FTL","Ball Lightning"],"picked":"SKIP","floor":25},{"not_picked":["Sweeping Beam","Ball Lightning"],"picked":"Chill+1","floor":27},{"not_picked":["Beam Cell","Doom and Gloom"],"picked":"Conserve Battery+1","floor":30},{"not_picked":["Hello World+1","Beam Cell"],"picked":"Seek+1","floor":31},{"not_picked":["Thunder Strike","Reboot+1"],"picked":"Buffer+1","floor":33},{"not_picked":["Cold Snap","Lockon"],"picked":"Coolheaded+1","floor":35},{"not_picked":["Genetic Algorithm+1","Melter"],"picked":"Capacitor+1","floor":36},{"not_picked":["Capacitor+1","Doom and Gloom+1","Rebound"],"picked":"SKIP","floor":37},{"not_picked":["Streamline","Self Repair+1"],"picked":"Compile Driver","floor":40},{"not_picked":["Glacier+1","Go for the Eyes"],"picked":"Chaos+1","floor":42},{"not_picked":["Gash","Conserve Battery+1"],"picked":"Biased Cognition+1","floor":44},{"not_picked":["Lockon","Melter"],"picked":"Redo+1","floor":45},{"not_picked":["Glacier+1","Hologram+1"],"picked":"Creative AI+1","floor":47},{"not_picked":["Rip and Tear+1","Storm+1"],"picked":"Loop+1","floor":48},{"not_picked":["Barrage","Gash","Force Field+1"],"picked":"SKIP","floor":48},{"not_picked":["Leap+1","Reinforced Body+1","BootSequence+1"],"picked":"SKIP","floor":55}],"player_experience":6387154,"relics_obtained":[{"floor":8,"key":"Toxic Egg 2"},{"floor":9,"key":"Lizard Tail"},{"floor":11,"key":"Thread and Needle"},{"floor":23,"key":"Frozen Egg 2"},{"floor":27,"key":"Potion Belt"},{"floor":40,"key":"Letter Opener"},{"floor":42,"key":"PreservedInsect"},{"floor":43,"key":"Vajra"},{"floor":44,"key":"TungstenRod"},{"floor":46,"key":"Prayer Wheel"},{"floor":47,"key":"Symbiotic Virus"},{"floor":55,"key":"White Beast Statue"}],"event_choices":[{"damage_healed":0,"gold_gain":75,"player_choice":"Gather Gold","damage_taken":11,"max_hp_gain":0,"max_hp_loss":0,"event_name":"World of Goop","floor":2,"gold_loss":0},{"damage_healed":17,"gold_gain":0,"player_choice":"Healed","damage_taken":0,"max_hp_gain":0,"max_hp_loss":0,"event_name":"The Cleric","floor":3,"gold_loss":35},{"damage_healed":0,"gold_gain":0,"player_choice":"Became a Ghost","damage_taken":0,"max_hp_gain":0,"max_hp_loss":36,"event_name":"Ghosts","floor":19,"gold_loss":0,"cards_obtained":["Ghostly","Ghostly","Ghostly"]},{"cards_removed":["Strike_B"],"damage_healed":0,"gold_gain":0,"player_choice":"Gave Gold","damage_taken":0,"max_hp_gain":0,"max_hp_loss":0,"event_name":"Beggar","floor":21,"gold_loss":75},{"damage_healed":0,"gold_gain":0,"player_choice":"Ignored","damage_taken":0,"max_hp_gain":0,"max_hp_loss":0,"event_name":"Vampires","floor":28,"gold_loss":0},{"damage_healed":0,"gold_gain":0,"player_choice":"Ignored","damage_taken":0,"max_hp_gain":0,"max_hp_loss":0,"event_name":"Tomb of Lord Red Mask","floor":39,"gold_loss":0},{"cards_removed":["Loop"],"damage_healed":0,"gold_gain":0,"player_choice":"Removed Power","damage_taken":0,"max_hp_gain":0,"max_hp_loss":0,"event_name":"Falling","floor":41,"gold_loss":0},{"damage_healed":0,"gold_gain":0,"player_choice":"Fight","damage_taken":0,"max_hp_gain":0,"max_hp_loss":0,"event_name":"Mysterious Sphere","floor":44,"gold_loss":0},{"damage_healed":0,"gold_gain":0,"player_choice":"Fight","damage_taken":0,"max_hp_gain":0,"max_hp_loss":0,"event_name":"MindBloom","floor":46,"gold_loss":0}],"is_beta":false,"boss_relics":[{"not_picked":["SlaversCollar","Cursed Key"],"picked":"Empty Cage"},{"not_picked":["Tiny House","Calling Bell"],"picked":"Philosopher\u0027s Stone"}],"items_purged_floors":[24,38,54],"is_endless":false,"potions_floor_spawned":[5,11,12,18,20,22,23,30,37,40,45,46,47,55],"ascension_level":20}