{"gold_per_floor":[119,134,20,20,70,70,82,82,82,82,121,142,182,201,201,294,294,315,328,48,68,91,91,16,50,50,50,63,63,63,63,63,156,219,237,250,583,583,597,632,632,41,41,61,61,90,110,150,150,150,150,150,150,20,51,51],"floor_reached":57,"playtime":6411,"items_purged":["Strike_B","Thunder Strike+1"],"score":2944,"play_id":"32c9922a-26d1-4aa5-b7e0-75e38493b9e7","local_time":"20220308140445","is_ascension_mode":true,"campfire_choices":[{"data":"Zap","floor":6,"key":"SMITH"},{"data":"Defragment","floor":8,"key":"SMITH"},{"data":"Streamline","floor":15,"key":"SMITH"},{"data":"Seek","floor":23,"key":"SMITH"},{"data":"Hologram","floor":27,"key":"SMITH"},{"data":"Coolheaded","floor":30,"key":"SMITH"},{"data":"Capacitor","floor":32,"key":"SMITH"},{"floor":45,"key":"RECALL"},{"data":"Coolheaded","floor":49,"key":"SMITH"},{"data":"Creative AI","floor":53,"key":"SMITH"}],"neow_cost":"NONE","seed_source_timestamp":1016718699244400,"circlet_count":0,"master_deck":["AscendersBane","Defend_B+1","Defend_B","Defend_B","Zap+1","Dualcast","Rebound","Coolheaded+1","Skim","Defragment+1","Hologram+1","Streamline+1","Go for the Eyes","Seek+1","Sunder+1","Consume+1","Turbo+1","Beam Cell+1","Coolheaded+1","Hologram","Capacitor+1","Ghostly+1","Ghostly+1","Ghostly+1","Amplify+1","Chaos+1","Cold Snap+1","Skim+1","Creative AI+1","Chill+1","Seek+1","Coolheaded+1","Hologram+1","Defragment+1","Echo Form","Turbo+1"],"relics":["Coffee Dripper","Pantograph","The Courier","Art of War","PreservedInsect","Astrolabe","Lee\u0027s Waffle","Bronze Scales","Toxic Egg 2","Nilry\u0027s Codex","Tiny House","CeramicFish","Cables","ClockworkSouvenir","Bag of Preparation","Boot","War Paint","Centennial Puzzle","Vajra"],"potions_floor_usage":[13,14,16,19,22,25,40,40,41,56],"damage_taken":[{"damage":7,"enemies":"Jaw Worm","floor":1,"turns":2},{"damage":0,"enemies":"2 Louse","floor":2,"turns":3},{"damage":0,"enemies":"Cultist","floor":7,"turns":3},{"damage":8,"enemies":"3 Sentries","floor":11,"turns":10},{"damage":2,"enemies":"Large Slime","floor":12,"turns":6},{"damage":2,"enemies":"Gremlin Nob","floor":13,"turns":3},{"damage":0,"enemies":"3 Louse","floor":14,"turns":4},{"damage":23,"enemies":"Slime Boss","floor":16,"turns":10},{"damage":0,"enemies":"Chosen","floor":18,"turns":5},{"damage":23,"enemies":"2 Thieves","floor":19,"turns":3},{"damage":25,"enemies":"Shelled Parasite and Fungi","floor":21,"turns":5},{"damage":13,"enemies":"Snake Plant","floor":22,"turns":6},{"damage":18,"enemies":"Slavers","floor":25,"turns":3},{"damage":2,"enemies":"Chosen and Byrds","floor":28,"turns":6},{"damage":1,"enemies":"Collector","floor":33,"turns":9},{"damage":0,"enemies":"3 Darklings","floor":35,"turns":5},{"damage":0,"enemies":"Orb Walker","floor":36,"turns":4},{"damage":1,"enemies":"Sphere and 2 Shapes","floor":39,"turns":8},{"damage":11,"enemies":"Reptomancer","floor":40,"turns":8},{"damage":0,"enemies":"Transient","floor":41,"turns":1},{"damage":0,"enemies":"Spire Growth","floor":44,"turns":6},{"damage":0,"enemies":"Giant Head","floor":46,"turns":7},{"damage":0,"enemies":"Writhing Mass","floor":47,"turns":6},{"damage":0,"enemies":"Nemesis","floor":48,"turns":7},{"damage":0,"enemies":"Donu and Deca","floor":50,"turns":6},{"damage":1,"enemies":"Time Eater","floor":51,"turns":9},{"damage":0,"enemies":"Shield and Spear","floor":55,"turns":6},{"damage":23,"enemies":"The Heart","floor":56,"turns":9}],"seed_played":"4162597221007365263","potions_obtained":[{"floor":1,"key":"BlessingOfTheForge"},{"floor":2,"key":"FocusPotion"},{"floor":13,"key":"Fruit Juice"},{"floor":14,"key":"FairyPotion"},{"floor":16,"key":"GamblersBrew"},{"floor":19,"key":"SpeedPotion"},{"floor":21,"key":"EntropicBrew"},{"floor":22,"key":"DuplicationPotion"},{"floor":28,"key":"ColorlessPotion"},{"floor":34,"key":"EssenceOfSteel"},{"floor":40,"key":"SmokeBomb"},{"floor":44,"key":"Energy Potion"},{"floor":46,"key":"SmokeBomb"}],"is_trial":false,"path_per_floor":["M","M","$","?","?","R","M","R","T","?","E","M","E","M","R","B",null,"M","M","$","M","M","R","?","E","T","R","M","?","R","?","R","B",null,"M","M","?","?","M","E","M","$","T","M","R","E","M","E","R","B","B",null,"R","$","E","B",null],"character_chosen":"DEFECT","items_purchased":["Skim","Lee\u0027s Waffle","Beam Cell","Coolheaded","Seek+1","Coolheaded+1","Hologram+1","Cables","ClockworkSouvenir","Bag of Preparation","Centennial Puzzle"],"campfire_rested":0,"item_purchase_floors":[3,20,20,20,42,42,42,42,42,42,54],"current_hp_per_floor":[57,57,57,39,39,39,39,39,39,39,31,29,27,27,27,34,60,60,37,76,51,38,38,38,20,20,20,18,22,22,22,22,37,43,43,43,43,43,42,31,31,31,31,31,31,31,31,31,31,43,42,43,43,43,43,20],"gold":51,"neow_bonus":"BOSS_RELIC","is_prod":false,"is_daily":false,"chose_seed":false,"campfire_upgraded":9,"win_rate":0,"timestamp":1646766285,"path_taken":["M","M","$","?","?","R","?","R","T","?","E","M","E","M","R","BOSS","M","M","$","M","M","R","?","E","T","R","M","?","R","?","R","BOSS","M","M","?","?","M","E","M","$","T","M","R","E","M","E","R","BOSS","BOSS","R","$","E","BOSS"],"build_version":"2022-02-27","purchased_purges":2,"victory":true,"max_hp_per_floor":[71,71,71,71,71,71,71,71,71,64,64,64,64,64,64,69,69,69,69,76,76,76,76,76,76,76,76,76,76,76,38,38,38,43,43,43,43,43,43,43,43,43,43,43,43,43,43,43,43,43,43,43,43,43,43,43],"relic_stats":{"Lee\u0027s Waffle":39,"counters":[28,160],"Nilry\u0027s Codex":[6,14,9,53],"Astrolabe":["Thunder Strike","Sunder","Consume"],"CeramicFish":54,"The Courier":257,"PreservedInsect":360,"Bag of Preparation":[16],"War Paint":["Defend_B","Turbo"],"Boot":[43],"Cables":[51,6,44,0,1],"Centennial Puzzle":[3],"Pantograph":53,"Bronze Scales":[435],"Art of War":[51],"obtain_stats":[{"Lee\u0027s Waffle":20,"Tiny House":34,"Golden Idol":10,"Nilry\u0027s Codex":29,"Astrolabe":17,"CeramicFish":40,"Vajra":55,"The Courier":9,"PreservedInsect":13,"Bag of Preparation":42,"War Paint":48,"Boot":46,"Cables":42,"ClockworkSouvenir":42,"Centennial Puzzle":54,"Pantograph":4,"Bronze Scales":25,"Coffee Dripper":0,"Art of War":11,"Toxic Egg 2":26,"Cracked Core":0},{"Lee\u0027s Waffle":10,"Tiny House":15,"Golden Idol":3,"Nilry\u0027s Codex":14,"Astrolabe":8,"CeramicFish":19,"Vajra":27,"The Courier":3,"PreservedInsect":6,"Bag of Preparation":20,"War Paint":24,"Boot":22,"Cables":20,"ClockworkSouvenir":20,"Centennial Puzzle":26,"Pantograph":2,"Bronze Scales":13,"Coffee Dripper":0,"Art of War":4,"Toxic Egg 2":13,"Cracked Core":0},{"Lee\u0027s Waffle":49,"Tiny House":78,"Golden Idol":8,"Nilry\u0027s Codex":69,"Astrolabe":41,"CeramicFish":103,"Vajra":151,"The Courier":8,"PreservedInsect":27,"Bag of Preparation":104,"War Paint":130,"Boot":117,"Cables":104,"ClockworkSouvenir":104,"Centennial Puzzle":145,"Pantograph":5,"Bronze Scales":63,"Coffee Dripper":0,"Art of War":18,"Toxic Egg 2":63,"Cracked Core":0}]},"card_choices":[{"not_picked":["Rip and Tear","Barrage"],"picked":"Rebound","floor":1},{"not_picked":["Conserve Battery","Scrape"],"picked":"Coolheaded","floor":2},{"not_picked":["Rebound","Sweeping Beam"],"picked":"Defragment","floor":7},{"not_picked":["Rip and Tear","Steam"],"picked":"Hologram","floor":11},{"not_picked":["Blizzard","Coolheaded"],"picked":"Streamline","floor":12},{"not_picked":["Chaos","Steam Power","Blizzard"],"picked":"SKIP","floor":13},{"not_picked":["Conserve Battery","Reprogram"],"picked":"Go for the Eyes","floor":14},{"not_picked":["Rainbow","Amplify"],"picked":"Seek","floor":16},{"not_picked":["Redo","White Noise","Chaos"],"picked":"SKIP","floor":18},{"not_picked":["Scrape","Stack"],"picked":"Turbo","floor":19},{"not_picked":["Doom and Gloom","Sweeping Beam","Lockon"],"picked":"SKIP","floor":21},{"not_picked":["Lockon","Stack","Aggregate"],"picked":"SKIP","floor":22},{"not_picked":["Storm","Rainbow"],"picked":"Hologram","floor":25},{"not_picked":["Self Repair","Ball Lightning"],"picked":"Capacitor","floor":28},{"not_picked":["Multi-Cast+1","Fission+1"],"picked":"Amplify+1","floor":33},{"not_picked":["Sweeping Beam","Cold Snap"],"picked":"Chaos+1","floor":34},{"not_picked":["Hello World","Barrage+1"],"picked":"Cold Snap+1","floor":35},{"not_picked":["Sunder","Cold Snap"],"picked":"Skim+1","floor":36},{"not_picked":["Cold Snap+1","White Noise+1"],"picked":"Chill+1","floor":39},{"not_picked":["Rebound","Stack+1","Beam Cell"],"picked":"SKIP","floor":40},{"not_picked":["Aggregate+1","Stack+1"],"picked":"Defragment+1","floor":44},{"not_picked":["Conserve Battery+1","Auto Shields+1","Reinforced Body+1"],"picked":"SKIP","floor":46},{"not_picked":["Genetic Algorithm+1","Sweeping Beam"],"picked":"Echo Form","floor":47},{"not_picked":["Genetic Algorithm+1","Conserve Battery+1"],"picked":"Turbo+1","floor":48},{"not_picked":["Streamline+1","Darkness+1","Doom and Gloom"],"picked":"SKIP","floor":55},{"not_picked":["Streamline+1","Darkness+1","Doom and Gloom"],"picked":"SKIP","floor":55}],"player_experience":6410705,"relics_obtained":[{"floor":9,"key":"The Courier"},{"floor":11,"key":"Art of War"},{"floor":13,"key":"PreservedInsect"},{"floor":25,"key":"Bronze Scales"},{"floor":26,"key":"Toxic Egg 2"},{"floor":29,"key":"Nilry\u0027s Codex"},{"floor":40,"key":"CeramicFish"},{"floor":46,"key":"Boot"},{"floor":48,"key":"War Paint"},{"floor":55,"key":"Vajra"}],"event_choices":[{"damage_healed":0,"gold_gain":0,"player_choice":"Success","damage_taken":18,"relics_obtained":["Pantograph"],"max_hp_gain":0,"max_hp_loss":0,"event_name":"Scrap Ooze","floor":4,"gold_loss":0},{"damage_healed":0,"gold_gain":50,"player_choice":"Pray","damage_taken":0,"max_hp_gain":0,"max_hp_loss":0,"event_name":"Golden Shrine","floor":5,"gold_loss":0},{"damage_healed":0,"gold_gain":0,"player_choice":"Lose Max HP","damage_taken":0,"relics_obtained":["Golden Idol"],"max_hp_gain":0,"max_hp_loss":7,"event_name":"Golden Idol","floor":10,"gold_loss":0},{"cards_removed":["Defend_B"],"damage_healed":0,"gold_gain":0,"player_choice":"Gave Gold","damage_taken":0,"max_hp_gain":0,"max_hp_loss":0,"event_name":"Beggar","floor":24,"gold_loss":75},{"damage_healed":0,"gold_gain":0,"player_choice":"Obtained Book","damage_taken":21,"max_hp_gain":0,"max_hp_loss":0,"event_name":"Cursed Tome","floor":29,"gold_loss":0},{"damage_healed":0,"gold_gain":0,"player_choice":"Became a Ghost","damage_taken":0,"max_hp_gain":0,"max_hp_loss":38,"event_name":"Ghosts","floor":31,"gold_loss":0,"cards_obtained":["Ghostly","Ghostly","Ghostly"]},{"damage_healed":0,"gold_gain":333,"player_choice":"Gave Idol","damage_taken":0,"max_hp_gain":0,"max_hp_loss":0,"event_name":"The Moai Head","floor":37,"relics_lost":["Golden Idol"],"gold_loss":0},{"damage_healed":0,"gold_gain":0,"player_choice":"1 cards matched","damage_taken":0,"max_hp_gain":0,"max_hp_loss":0,"event_name":"Match and Keep!","floor":38,"gold_loss":0,"cards_obtained":["Creative AI"]}],"is_beta":false,"boss_relics":[{"not_picked":["Empty Cage","Ectoplasm"],"picked":"Astrolabe"},{"not_picked":["SacredBark","Snecko Eye"],"picked":"Tiny House"}],"items_purged_floors":[3,20],"is_endless":false,"potions_floor_spawned":[1,2,12,13,14,16,19,21,22,28,40,44,46],"ascension_level":20}