{"gold_per_floor":[119,14,14,14,38,38,71,71,94,94,114,114,158,177,177,267,267,290,215,235,249,273,304,323,367,367,367,292,317,353,373,373,462,462,487,197,197,216,241,277,277,308,308,308,329,349,389,426,438,450,462,474,486,18,54,54],"floor_reached":57,"playtime":6246,"items_purged":["Defend_B","Defend_B"],"score":2995,"play_id":"ce5ce5f4-7aa3-4952-9df0-97d99946e1e9","local_time":"20220301140624","is_ascension_mode":true,"campfire_choices":[{"data":"Beam Cell","floor":6,"key":"SMITH"},{"data":"Zap","floor":10,"key":"SMITH"},{"data":"Hologram","floor":12,"key":"SMITH"},{"data":"Dualcast","floor":15,"key":"SMITH"},{"floor":32,"key":"REST"},{"floor":44,"key":"REST"},{"floor":49,"key":"RECALL"},{"floor":53,"key":"REST"}],"neow_cost":"NONE","seed_source_timestamp":412181198885000,"circlet_count":0,"master_deck":["AscendersBane","Zap+1","Dualcast+1","Heatsinks+1","All For One+1","Amplify+1","Chill","Streamline+1","Beam Cell+1","Hologram+1","Glacier","Chill","All For One","Undo","Creative AI+1","Hologram+1","BootSequence+1","Biased Cognition","Turbo+1","Skim","Biased Cognition","Capacitor+1","Undo","Recycle+1","Storm","Coolheaded","Loop","Dark Shackles"],"relics":["Astrolabe","Golden Idol","Matryoshka","Tiny Chest","Bag of Marbles","Toy Ornithopter","Fusion Hammer","Potion Belt","Omamori","Emotion Chip","The Courier","Dream Catcher","Happy Flower","Centennial Puzzle","SlaversCollar","Shuriken","Strawberry","WarpedTongs","Bronze Scales","MawBank","Nunchaku","Vajra","Bag of Preparation"],"potions_floor_usage":[7,7,23,24,25,30,56,56],"damage_taken":[{"damage":7,"enemies":"Small Slimes","floor":1,"turns":3},{"damage":0,"enemies":"2 Louse","floor":5,"turns":3},{"damage":8,"enemies":"Gremlin Nob","floor":7,"turns":3},{"damage":0,"enemies":"Cultist","floor":11,"turns":2},{"damage":4,"enemies":"Lagavulin","floor":13,"turns":4},{"damage":0,"enemies":"Red Slaver","floor":14,"turns":1},{"damage":17,"enemies":"Hexaghost","floor":16,"turns":6},{"damage":2,"enemies":"3 Byrds","floor":18,"turns":4},{"damage":0,"enemies":"2 Thieves","floor":20,"turns":4},{"damage":0,"enemies":"Sentry and Sphere","floor":21,"turns":7},{"damage":11,"enemies":"Book of Stabbing","floor":23,"turns":5},{"damage":7,"enemies":"Snake Plant","floor":24,"turns":2},{"damage":1,"enemies":"Gremlin Leader","floor":25,"turns":6},{"damage":30,"enemies":"Slavers","floor":30,"turns":6},{"damage":4,"enemies":"3 Cultists","floor":31,"turns":5},{"damage":0,"enemies":"Champ","floor":33,"turns":11},{"damage":0,"enemies":"3 Shapes","floor":35,"turns":8},{"damage":4,"enemies":"3 Darklings","floor":38,"turns":4},{"damage":9,"enemies":"Transient","floor":39,"turns":6},{"damage":0,"enemies":"Giant Head","floor":40,"turns":4},{"damage":18,"enemies":"Nemesis","floor":42,"turns":3},{"damage":0,"enemies":"4 Shapes","floor":45,"turns":2},{"damage":11,"enemies":"Jaw Worm Horde","floor":46,"turns":3},{"damage":3,"enemies":"Giant Head","floor":47,"turns":5},{"damage":0,"enemies":"3 Darklings","floor":48,"turns":4},{"damage":1,"enemies":"Awakened One","floor":50,"turns":9},{"damage":4,"enemies":"Donu and Deca","floor":51,"turns":4},{"damage":1,"enemies":"Shield and Spear","floor":55,"turns":5},{"damage":32,"enemies":"The Heart","floor":56,"turns":5}],"seed_played":"693801631810862197","potions_obtained":[{"floor":1,"key":"SneckoOil"},{"floor":5,"key":"Swift Potion"},{"floor":11,"key":"Block Potion"},{"floor":21,"key":"EssenceOfSteel"},{"floor":24,"key":"LiquidMemories"},{"floor":25,"key":"SneckoOil"},{"floor":35,"key":"FearPotion"},{"floor":39,"key":"AttackPotion"},{"floor":42,"key":"BlessingOfTheForge"},{"floor":46,"key":"FearPotion"}],"is_trial":false,"path_per_floor":["M","$","?","?","M","R","E","?","T","R","M","R","E","M","R","B",null,"M","?","M","M","T","E","M","E","T","?","?","T","E","M","R","B",null,"M","$","?","M","M","E","?","E","T","R","M","M","E","M","R","B","B",null,"R","$","E","B",null],"character_chosen":"DEFECT","items_purchased":["Streamline","Shuriken","Swift Potion","Coolheaded","Loop","Dark Shackles","Nunchaku","Vajra"],"campfire_rested":3,"item_purchase_floors":[2,36,54,54,54,54,54,54],"current_hp_per_floor":[57,57,57,57,57,57,49,49,49,49,49,49,45,45,45,28,55,53,53,53,53,53,47,45,49,49,49,49,49,24,20,39,39,58,58,58,58,54,45,52,52,34,34,55,55,44,41,41,41,40,36,62,71,71,70,45],"gold":54,"neow_bonus":"BOSS_RELIC","is_prod":false,"is_daily":false,"chose_seed":false,"campfire_upgraded":4,"win_rate":0,"timestamp":1646161584,"path_taken":["M","$","?","?","M","R","E","?","T","R","M","R","E","M","R","BOSS","M","?","?","?","?","E","?","E","T","?","?","?","E","M","R","BOSS","M","$","?","M","?","E","?","E","T","R","M","M","E","M","R","BOSS","BOSS","R","$","E","BOSS"],"build_version":"2022-02-27","purchased_purges":2,"victory":true,"max_hp_per_floor":[71,71,71,64,64,64,64,64,64,64,64,64,64,64,64,64,64,64,64,64,64,64,64,64,64,64,64,64,64,64,64,64,64,64,64,64,64,64,64,71,71,71,71,71,71,71,71,71,71,71,71,71,71,71,71,71],"relic_stats":{"Happy Flower":[28],"counters":[29,134],"Golden Idol":220,"Astrolabe":["Heatsinks","All For One","Amplify"],"The Courier":193,"Omamori":1,"Bag of Preparation":[2],"MawBank":84,"WarpedTongs":[38],"Emotion Chip":[44,19,25,0,0],"Dream Catcher":3,"Centennial Puzzle":[29],"Nunchaku":[2],"Matryoshka":2,"Shuriken":[35],"Bronze Scales":[188],"Tiny Chest":2,"obtain_stats":[{"Potion Belt":22,"Happy Flower":29,"Golden Idol":4,"Astrolabe":0,"Vajra":54,"The Courier":25,"Omamori":22,"Bag of Preparation":55,"MawBank":47,"WarpedTongs":41,"SlaversCollar":34,"Emotion Chip":23,"Dream Catcher":26,"Centennial Puzzle":30,"Nunchaku":54,"Matryoshka":7,"Shuriken":36,"Strawberry":40,"Bronze Scales":42,"Tiny Chest":9,"Fusion Hammer":17,"Bag of Marbles":9,"Cracked Core":0,"Toy Ornithopter":13},{"Potion Belt":10,"Happy Flower":13,"Golden Idol":1,"Astrolabe":0,"Vajra":27,"The Courier":13,"Omamori":10,"Bag of Preparation":28,"MawBank":24,"WarpedTongs":20,"SlaversCollar":16,"Emotion Chip":11,"Dream Catcher":13,"Centennial Puzzle":14,"Nunchaku":27,"Matryoshka":3,"Shuriken":17,"Strawberry":20,"Bronze Scales":21,"Tiny Chest":3,"Fusion Hammer":7,"Bag of Marbles":3,"Cracked Core":0,"Toy Ornithopter":5},{"Potion Belt":37,"Happy Flower":50,"Golden Idol":3,"Astrolabe":0,"Vajra":124,"The Courier":50,"Omamori":37,"Bag of Preparation":129,"MawBank":107,"WarpedTongs":94,"SlaversCollar":72,"Emotion Chip":42,"Dream Catcher":50,"Centennial Puzzle":56,"Nunchaku":124,"Matryoshka":9,"Shuriken":80,"Strawberry":94,"Bronze Scales":97,"Tiny Chest":9,"Fusion Hammer":22,"Bag of Marbles":9,"Cracked Core":0,"Toy Ornithopter":15}],"Toy Ornithopter":27},"card_choices":[{"not_picked":["Reinforced Body","Glacier"],"picked":"Chill","floor":1},{"not_picked":["Storm","Conserve Battery"],"picked":"Beam Cell","floor":5},{"not_picked":["Streamline","Ball Lightning"],"picked":"Hologram","floor":7},{"not_picked":["Gash","Streamline"],"picked":"Glacier","floor":11},{"not_picked":["Sweeping Beam","Turbo","Steam"],"picked":"SKIP","floor":13},{"not_picked":["Gash","Streamline"],"picked":"Chill","floor":14},{"not_picked":["Reboot","Meteor Strike"],"picked":"All For One","floor":16},{"not_picked":["Coolheaded","Redo"],"picked":"Undo","floor":18},{"not_picked":["Coolheaded","Auto Shields","Barrage"],"picked":"SKIP","floor":20},{"not_picked":["Beam Cell+1","Conserve Battery","Aggregate"],"picked":"SKIP","floor":21},{"not_picked":["Defragment","Hello World"],"picked":"Creative AI","floor":23},{"not_picked":["Reinforced Body+1","Barrage+1"],"picked":"Hologram+1","floor":24},{"not_picked":["Gash","Melter","Sweeping Beam"],"picked":"SKIP","floor":25},{"not_picked":["Beam Cell","Aggregate"],"picked":"BootSequence+1","floor":30},{"not_picked":["Capacitor","Rebound","Blizzard"],"picked":"SKIP","floor":31},{"not_picked":["Rainbow","Seek"],"picked":"Biased Cognition","floor":33},{"not_picked":["Ball Lightning","FTL","Static Discharge+1"],"picked":"SKIP","floor":35},{"not_picked":["Streamline","Stack"],"picked":"Turbo+1","floor":38},{"not_picked":["FTL","Redo"],"picked":"Skim","floor":39},{"not_picked":["Gash","Chill","Ball Lightning"],"picked":"SKIP","floor":40},{"not_picked":["Rebound","Auto Shields"],"picked":"Biased Cognition","floor":42},{"not_picked":["Fusion+1","Cold Snap+1"],"picked":"Capacitor+1","floor":44},{"not_picked":["Leap+1","Genetic Algorithm","Stack"],"picked":"SKIP","floor":45},{"not_picked":["Gash+1","Rebound"],"picked":"Undo","floor":46},{"not_picked":["Conserve Battery+1","Stack","Compile Driver"],"picked":"SKIP","floor":47},{"not_picked":["Chaos","Stack"],"picked":"Recycle+1","floor":48},{"not_picked":["Seek","Capacitor"],"picked":"Storm","floor":53},{"not_picked":["Self Repair","All For One","Leap"],"picked":"SKIP","floor":55}],"player_experience":6346410,"relics_obtained":[{"floor":7,"key":"Matryoshka"},{"floor":9,"key":"Tiny Chest"},{"floor":9,"key":"Bag of Marbles"},{"floor":13,"key":"Toy Ornithopter"},{"floor":22,"key":"Potion Belt"},{"floor":22,"key":"Omamori"},{"floor":23,"key":"Emotion Chip"},{"floor":25,"key":"The Courier"},{"floor":26,"key":"Dream Catcher"},{"floor":29,"key":"Happy Flower"},{"floor":30,"key":"Centennial Puzzle"},{"floor":40,"key":"Strawberry"},{"floor":42,"key":"Bronze Scales"},{"floor":47,"key":"MawBank"},{"floor":55,"key":"Bag of Preparation"}],"event_choices":[{"damage_healed":0,"gold_gain":0,"player_choice":"Grow","damage_taken":0,"max_hp_gain":0,"max_hp_loss":0,"event_name":"Living Wall","floor":3,"gold_loss":0,"cards_upgraded":["Streamline"]},{"damage_healed":0,"gold_gain":0,"player_choice":"Lose Max HP","damage_taken":0,"relics_obtained":["Golden Idol"],"max_hp_gain":0,"max_hp_loss":7,"event_name":"Golden Idol","floor":4,"gold_loss":0},{"cards_removed":["Strike_B"],"damage_healed":0,"gold_gain":0,"player_choice":"Purged","damage_taken":0,"max_hp_gain":0,"max_hp_loss":0,"event_name":"Purifier","floor":8,"gold_loss":0},{"cards_removed":["Defend_B"],"damage_healed":0,"gold_gain":0,"player_choice":"Single Remove","damage_taken":0,"max_hp_gain":0,"max_hp_loss":0,"event_name":"Designer","floor":19,"gold_loss":75},{"damage_healed":0,"gold_gain":0,"player_choice":"Ignored","damage_taken":0,"max_hp_gain":0,"max_hp_loss":0,"event_name":"Ghosts","floor":27,"gold_loss":0},{"cards_removed":["Defend_B"],"damage_healed":0,"gold_gain":0,"player_choice":"Gave Gold","damage_taken":0,"max_hp_gain":0,"max_hp_loss":0,"event_name":"Beggar","floor":28,"gold_loss":75},{"damage_healed":0,"gold_gain":0,"player_choice":"Upgraded","damage_taken":0,"max_hp_gain":0,"max_hp_loss":0,"event_name":"Upgrade Shrine","floor":37,"gold_loss":0,"cards_upgraded":["Creative AI"]},{"damage_healed":0,"gold_gain":0,"player_choice":"Rummage","damage_taken":0,"relics_obtained":["WarpedTongs"],"max_hp_gain":0,"max_hp_loss":0,"event_name":"Accursed Blacksmith","floor":41,"gold_loss":0,"cards_obtained":["Pain"]}],"is_beta":false,"boss_relics":[{"not_picked":["Pandora\u0027s Box","Cursed Key"],"picked":"Fusion Hammer"},{"not_picked":["Busted Crown","Snecko Eye"],"picked":"SlaversCollar"}],"items_purged_floors":[2,36],"is_endless":false,"potions_floor_spawned":[1,5,11,21,24,25,35,39,42,46],"ascension_level":20}