{"gold_per_floor":[119,95,106,124,140,140,6,6,6,39,53,81,81,101,101,178,178,195,195,207,220,69,102,102,128,176,189,221,238,238,248,248,319,319,334,350,363,177,190,216,216,247,247,247,247,264,264,279,279,279,279,279,279,75,100,100],"floor_reached":57,"playtime":6596,"items_purged":["Strike_B","BootSequence","Zap"],"score":2847,"play_id":"fed4ca28-c1f2-4ce5-8fab-04a9f759a17a","local_time":"20220310141100","is_ascension_mode":true,"campfire_choices":[{"floor":6,"key":"REST"},{"data":"Sweeping Beam","floor":8,"key":"SMITH"},{"data":"Sunder","floor":13,"key":"SMITH"},{"data":"Leap","floor":15,"key":"SMITH"},{"data":"Sunder","floor":24,"key":"SMITH"},{"data":"Hologram","floor":30,"key":"SMITH"},{"data":"Hyperbeam","floor":32,"key":"SMITH"},{"data":"Hologram","floor":41,"key":"SMITH"},{"floor":45,"key":"RECALL"},{"data":"Hologram","floor":47,"key":"SMITH"},{"data":"Hologram","floor":49,"key":"SMITH"},{"data":"Multi-Cast","floor":53,"key":"SMITH"}],"neow_cost":"NONE","seed_source_timestamp":1189706732153600,"circlet_count":0,"master_deck":["AscendersBane","Dualcast","Skim","Leap+1","Rebound","Fusion","Sweeping Beam+1","Leap","Sunder+1","Scrape","Echo Form","Beam Cell+1","Self Repair","Sunder+1","Multi-Cast+1","Hologram+1","Force Field","Hyperbeam+1","Hologram+1","Hologram+1","Creative AI","Loop","Turbo","Leap","Core Surge","BootSequence","Electrodynamics","Genetic Algorithm+1","Hologram+1","Buffer+1","Stack+1"],"relics":["Snecko Eye","Bronze Scales","Mummified Hand","Bottled Flame","Nuclear Battery","Mercury Hourglass","Gremlin Horn","Anchor","Turnip","Pandora\u0027s Box","Incense Burner","Question Card","Boot"],"potions_floor_usage":[5,10,21,23,33,56,56],"damage_taken":[{"damage":3,"enemies":"2 Louse","floor":1,"turns":4},{"damage":7,"enemies":"Cultist","floor":3,"turns":5},{"damage":3,"enemies":"Jaw Worm","floor":4,"turns":3},{"damage":15,"enemies":"Lots of Slimes","floor":5,"turns":6},{"damage":7,"enemies":"Lagavulin","floor":10,"turns":7},{"damage":0,"enemies":"Large Slime","floor":11,"turns":3},{"damage":5,"enemies":"3 Sentries","floor":12,"turns":4},{"damage":0,"enemies":"Blue Slaver","floor":14,"turns":1},{"damage":25,"enemies":"The Guardian","floor":16,"turns":10},{"damage":0,"enemies":"Chosen","floor":18,"turns":4},{"damage":11,"enemies":"2 Thieves","floor":20,"turns":3},{"damage":0,"enemies":"Chosen and Byrds","floor":21,"turns":3},{"damage":16,"enemies":"Slavers","floor":23,"turns":4},{"damage":11,"enemies":"Book of Stabbing","floor":25,"turns":3},{"damage":0,"enemies":"Snecko","floor":27,"turns":2},{"damage":3,"enemies":"Slavers","floor":28,"turns":3},{"damage":0,"enemies":"Sentry and Sphere","floor":29,"turns":3},{"damage":0,"enemies":"Chosen and Byrds","floor":31,"turns":2},{"damage":11,"enemies":"Champ","floor":33,"turns":10},{"damage":0,"enemies":"Orb Walker","floor":35,"turns":3},{"damage":0,"enemies":"3 Darklings","floor":36,"turns":3},{"damage":12,"enemies":"Sphere and 2 Shapes","floor":37,"turns":7},{"damage":0,"enemies":"Jaw Worm Horde","floor":39,"turns":5},{"damage":1,"enemies":"Giant Head","floor":40,"turns":6},{"damage":0,"enemies":"Reptomancer","floor":42,"turns":5},{"damage":0,"enemies":"Transient","floor":46,"turns":6},{"damage":0,"enemies":"Maw","floor":48,"turns":6},{"damage":2,"enemies":"Awakened One","floor":50,"turns":13},{"damage":44,"enemies":"Donu and Deca","floor":51,"turns":10},{"damage":0,"enemies":"Shield and Spear","floor":55,"turns":5},{"damage":20,"enemies":"The Heart","floor":56,"turns":11}],"seed_played":"5328624167459643092","potions_obtained":[{"floor":4,"key":"Block Potion"},{"floor":5,"key":"DistilledChaos"},{"floor":12,"key":"Fire Potion"},{"floor":16,"key":"AttackPotion"},{"floor":21,"key":"PotionOfCapacity"},{"floor":25,"key":"Energy Potion"},{"floor":27,"key":"Explosive Potion"},{"floor":36,"key":"Dexterity Potion"}],"is_trial":false,"path_per_floor":["M","$","M","M","M","R","$","R","T","E","M","E","R","M","R","B",null,"M","?","M","M","$","E","R","E","T","M","E","M","R","M","R","B",null,"M","M","M","$","M","E","R","E","T","?","R","M","R","M","R","B","B",null,"R","$","E","B",null],"character_chosen":"DEFECT","items_purchased":["Leap","Sweeping Beam","Leap","SteroidPotion","Sunder","Buffer","GamblersBrew"],"campfire_rested":1,"item_purchase_floors":[2,7,7,7,22,38,54],"current_hp_per_floor":[61,61,54,51,36,57,57,57,57,50,50,45,45,45,45,20,58,58,58,47,47,47,45,45,48,48,48,52,59,59,59,59,48,65,71,71,71,71,71,71,71,71,71,71,71,71,71,71,71,71,34,62,62,62,69,56],"gold":100,"neow_bonus":"BOSS_RELIC","is_prod":false,"is_daily":false,"chose_seed":false,"campfire_upgraded":10,"win_rate":0,"timestamp":1646939460,"path_taken":["M","$","M","M","M","R","$","R","T","E","M","E","R","M","R","BOSS","M","?","M","M","$","E","R","E","T","M","E","M","R","M","R","BOSS","M","M","M","$","M","E","R","E","T","?","R","?","R","?","R","BOSS","BOSS","R","$","E","BOSS"],"build_version":"2022-03-07","purchased_purges":3,"victory":true,"max_hp_per_floor":[71,71,71,71,71,71,71,71,71,71,71,71,71,71,71,71,71,71,71,71,71,71,71,71,71,71,71,71,71,71,71,71,71,71,71,71,71,71,71,71,71,71,71,71,71,71,71,71,71,71,71,71,71,71,71,71],"relic_stats":{"Bottled Flame":"Sunder","Gremlin Horn":[20,20],"counters":[31,160],"Mummified Hand":[304],"Bronze Scales":[482],"Snecko Eye":[328,310,332,329,-307],"Pandora\u0027s Box":["Loop","Turbo","Leap","Core Surge","BootSequence","BootSequence","Electrodynamics"],"Turnip":[16],"Question Card":3,"Boot":[3],"obtain_stats":[{"Gremlin Horn":25,"Incense Burner":40,"Question Card":42,"Boot":55,"Nuclear Battery":17,"Mercury Hourglass":23,"Bottled Flame":12,"Anchor":26,"Mummified Hand":10,"Bronze Scales":9,"Snecko Eye":0,"Pandora\u0027s Box":34,"Turnip":28,"Cracked Core":0},{"Gremlin Horn":14,"Incense Burner":24,"Question Card":25,"Boot":30,"Nuclear Battery":9,"Mercury Hourglass":13,"Bottled Flame":7,"Anchor":14,"Mummified Hand":5,"Bronze Scales":4,"Snecko Eye":0,"Pandora\u0027s Box":19,"Turnip":16,"Cracked Core":0},{"Gremlin Horn":60,"Incense Burner":104,"Question Card":109,"Boot":149,"Nuclear Battery":43,"Mercury Hourglass":57,"Bottled Flame":32,"Anchor":60,"Mummified Hand":25,"Bronze Scales":18,"Snecko Eye":0,"Pandora\u0027s Box":80,"Turnip":65,"Cracked Core":0}],"Mercury Hourglass":[328]},"card_choices":[{"not_picked":["Cold Snap","Barrage"],"picked":"Skim","floor":1},{"not_picked":["Loop","Rip and Tear"],"picked":"Rebound","floor":3},{"not_picked":["Gash","Go for the Eyes","Auto Shields"],"picked":"SKIP","floor":4},{"not_picked":["Reprogram","Hello World"],"picked":"Fusion","floor":5},{"not_picked":["Ball Lightning","White Noise"],"picked":"Sunder","floor":10},{"not_picked":["Lockon","Ball Lightning","Steam"],"picked":"SKIP","floor":11},{"not_picked":["Beam Cell","Steam"],"picked":"Scrape","floor":12},{"not_picked":["Chill","Loop","Stack"],"picked":"SKIP","floor":14},{"not_picked":["Seek","Hyperbeam"],"picked":"Echo Form","floor":16},{"not_picked":["Gash","Streamline","Compile Driver"],"picked":"SKIP","floor":18},{"not_picked":["Chill","Blizzard+1"],"picked":"Beam Cell+1","floor":20},{"not_picked":["Sunder","Redo"],"picked":"Self Repair","floor":21},{"not_picked":["Steam","Barrage"],"picked":"Multi-Cast","floor":23},{"not_picked":["Gash","Stack"],"picked":"Hologram","floor":25},{"not_picked":["Rebound","Compile Driver"],"picked":"Force Field","floor":27},{"not_picked":["Rainbow","Leap"],"picked":"Hyperbeam","floor":28},{"not_picked":["Cold Snap","Chaos"],"picked":"Hologram","floor":29},{"not_picked":["Leap","Steam"],"picked":"Hologram","floor":31},{"not_picked":["Electrodynamics","Fission"],"picked":"Creative AI","floor":33},{"not_picked":["Storm","Skim"],"picked":"Genetic Algorithm+1","floor":35},{"not_picked":["Rebound","Go for the Eyes"],"picked":"Hologram","floor":36},{"not_picked":["Leap+1","Steam","Hologram"],"picked":"SKIP","floor":37},{"not_picked":["Compile Driver","Self Repair","Sweeping Beam+1"],"picked":"SKIP","floor":39},{"not_picked":["Compile Driver","Self Repair","Sweeping Beam+1"],"picked":"SKIP","floor":39},{"not_picked":["Go for the Eyes+1","Turbo"],"picked":"Stack+1","floor":40},{"not_picked":["Beam Cell","Glacier","Leap"],"picked":"SKIP","floor":42},{"not_picked":["Beam Cell","Glacier","Leap"],"picked":"SKIP","floor":42},{"not_picked":["Beam Cell","Glacier","Leap"],"picked":"SKIP","floor":42},{"not_picked":["White Noise","Chill","Coolheaded","Barrage"],"picked":"SKIP","floor":46},{"not_picked":["Doom and Gloom+1","Go for the Eyes","Redo","Electrodynamics"],"picked":"SKIP","floor":48},{"not_picked":["Stack","Coolheaded","Genetic Algorithm","Multi-Cast"],"picked":"SKIP","floor":55}],"player_experience":6431499,"relics_obtained":[{"floor":9,"key":"Bronze Scales"},{"floor":10,"key":"Mummified Hand"},{"floor":12,"key":"Bottled Flame"},{"floor":23,"key":"Mercury Hourglass"},{"floor":25,"key":"Gremlin Horn"},{"floor":26,"key":"Anchor"},{"floor":28,"key":"Turnip"},{"floor":40,"key":"Incense Burner"},{"floor":42,"key":"Question Card"},{"floor":55,"key":"Boot"}],"event_choices":[{"damage_healed":0,"gold_gain":0,"player_choice":"Ignored","damage_taken":0,"max_hp_gain":0,"max_hp_loss":0,"event_name":"The Mausoleum","floor":19,"gold_loss":0},{"damage_healed":0,"gold_gain":0,"player_choice":"Upgraded","damage_taken":0,"max_hp_gain":0,"max_hp_loss":0,"event_name":"Upgrade Shrine","floor":44,"gold_loss":0,"cards_upgraded":["Buffer"]}],"is_beta":false,"boss_relics":[{"not_picked":["Calling Bell","Astrolabe"],"picked":"Nuclear Battery"},{"not_picked":["Black Star","Busted Crown"],"picked":"Pandora\u0027s Box"}],"items_purged_floors":[22,38,54],"is_endless":false,"potions_floor_spawned":[4,5,12,16,18,21,25,27,31,36,40,42,48],"ascension_level":20}