{"gold_per_floor":[116,116,135,152,19,19,35,66,66,66,77,77,77,112,112,191,191,201,151,151,151,151,151,179,179,179,196,229,229,249,30,30,101,101,111,61,61,72,82,82,116,116,168,168,187,217,167,177,177,177,177,177,177,26,54,54],"floor_reached":57,"playtime":5068,"items_purged":["Strike_B","Strike_B","Defend_B","Zap","Auto Shields"],"score":2912,"play_id":"db99aff5-735a-4bfc-bb51-7051edcc9f8e","local_time":"20220302153147","is_ascension_mode":true,"campfire_choices":[{"floor":6,"key":"REST"},{"data":"Darkness","floor":10,"key":"SMITH"},{"floor":12,"key":"REST"},{"data":"Hyperbeam","floor":15,"key":"SMITH"},{"data":"Consume","floor":23,"key":"SMITH"},{"data":"Hologram","floor":25,"key":"SMITH"},{"data":"Turbo","floor":29,"key":"SMITH"},{"data":"Reboot","floor":32,"key":"SMITH"},{"data":"Skim","floor":40,"key":"SMITH"},{"data":"Hologram","floor":42,"key":"SMITH"},{"data":"Hologram","floor":44,"key":"SMITH"},{"floor":49,"key":"RECALL"},{"data":"Meteor Strike","floor":53,"key":"SMITH"}],"neow_cost":"NONE","seed_source_timestamp":504876016630900,"circlet_count":0,"master_deck":["AscendersBane","Defend_B+1","Defend_B+1","Dualcast","CurseOfTheBell","Turbo+1","Darkness+1","Ball Lightning","Hologram+1","Consume+1","Hologram+1","Reboot+1","Hyperbeam+1","Meteor Strike+1","Glacier+1","Stack","Coolheaded","White Noise","Skim+1","Self Repair+1","Genetic Algorithm+1","Echo Form","Hologram+1","Undo","White Noise+1","Reinforced Body+1","Echo Form","Force Field+1"],"relics":["Calling Bell","Smiling Mask","Eternal Feather","Ice Cream","Calipers","Pantograph","Philosopher\u0027s Stone","StrikeDummy","Vajra","Bottled Lightning","TungstenRod","Anchor","SlaversCollar","Ancient Tea Set","Potion Belt","Bag of Preparation","Pocketwatch"],"potions_floor_usage":[8,24,28,33,39,41,56,56,56,56],"damage_taken":[{"damage":11,"enemies":"Jaw Worm","floor":1,"turns":6},{"damage":4,"enemies":"2 Louse","floor":3,"turns":3},{"damage":3,"enemies":"Cultist","floor":4,"turns":4},{"damage":21,"enemies":"Large Slime","floor":7,"turns":6},{"damage":17,"enemies":"3 Sentries","floor":8,"turns":5},{"damage":16,"enemies":"Exordium Wildlife","floor":11,"turns":4},{"damage":4,"enemies":"Lagavulin","floor":14,"turns":5},{"damage":24,"enemies":"Slime Boss","floor":16,"turns":6},{"damage":28,"enemies":"3 Byrds","floor":18,"turns":3},{"damage":3,"enemies":"Slavers","floor":24,"turns":7},{"damage":0,"enemies":"Chosen","floor":27,"turns":3},{"damage":21,"enemies":"Gremlin Leader","floor":28,"turns":9},{"damage":12,"enemies":"3 Cultists","floor":30,"turns":4},{"damage":38,"enemies":"Collector","floor":33,"turns":10},{"damage":21,"enemies":"3 Darklings","floor":35,"turns":6},{"damage":9,"enemies":"3 Shapes","floor":38,"turns":3},{"damage":46,"enemies":"Transient","floor":39,"turns":6},{"damage":7,"enemies":"Giant Head","floor":41,"turns":9},{"damage":0,"enemies":"Maw","floor":45,"turns":7},{"damage":0,"enemies":"Nemesis","floor":46,"turns":7},{"damage":0,"enemies":"4 Shapes","floor":48,"turns":6},{"damage":0,"enemies":"Awakened One","floor":50,"turns":20},{"damage":0,"enemies":"Donu and Deca","floor":51,"turns":9},{"damage":0,"enemies":"Shield and Spear","floor":55,"turns":7},{"damage":38,"enemies":"The Heart","floor":56,"turns":10}],"seed_played":"-7808816185984133120","potions_obtained":[{"floor":11,"key":"FocusPotion"},{"floor":14,"key":"PowerPotion"},{"floor":16,"key":"Energy Potion"},{"floor":27,"key":"ColorlessPotion"},{"floor":28,"key":"Swift Potion"},{"floor":30,"key":"Block Potion"},{"floor":38,"key":"Strength Potion"},{"floor":39,"key":"GamblersBrew"},{"floor":41,"key":"Weak Potion"},{"floor":46,"key":"Regen Potion"},{"floor":48,"key":"PotionOfCapacity"},{"floor":55,"key":"Energy Potion"}],"is_trial":false,"path_per_floor":["M","?","M","M","$","R","M","E","T","R","M","R","?","E","R","B",null,"M","$","?","?","?","R","E","R","T","M","E","R","M","$","R","B",null,"M","$","?","M","M","R","E","R","T","R","M","E","$","M","R","B","B",null,"R","$","E","B",null],"character_chosen":"DEFECT","items_purchased":["Hologram","Explosive Potion","Anchor","Echo Form"],"campfire_rested":2,"item_purchase_floors":[5,5,31,54],"current_hp_per_floor":[53,32,28,25,25,55,34,17,17,26,10,40,33,29,38,39,63,35,35,35,35,35,47,44,56,56,56,35,47,45,45,57,43,64,53,53,53,54,18,30,43,58,58,67,67,67,67,67,67,67,67,67,67,67,67,54],"gold":54,"neow_bonus":"BOSS_RELIC","is_prod":false,"is_daily":false,"chose_seed":false,"campfire_upgraded":10,"win_rate":0,"timestamp":1646253107,"path_taken":["M","?","M","M","$","R","M","E","T","R","M","R","?","E","R","BOSS","M","$","?","?","?","R","E","R","T","?","E","R","M","$","R","BOSS","M","$","?","M","M","R","E","R","T","R","M","E","$","M","R","BOSS","BOSS","R","$","E","BOSS"],"build_version":"2022-02-27","purchased_purges":5,"victory":true,"max_hp_per_floor":[71,71,71,71,71,71,71,71,71,71,71,71,71,71,71,71,71,71,71,71,71,71,71,71,71,71,71,71,71,71,71,71,71,71,71,71,67,67,67,67,67,67,67,67,67,67,67,67,67,67,67,67,67,67,67,67],"relic_stats":{"Ice Cream":[569],"Calipers":[9732],"counters":[25,165],"Pantograph":39,"Eternal Feather":120,"Bag of Preparation":[10],"Bottled Lightning":"Reboot","Smiling Mask":375,"Ancient Tea Set":[6],"obtain_stats":[{"Ice Cream":0,"Potion Belt":43,"Calipers":8,"Vajra":24,"Eternal Feather":0,"Bag of Preparation":46,"Smiling Mask":0,"Ancient Tea Set":41,"Calling Bell":0,"SlaversCollar":34,"Anchor":31,"Pantograph":14,"Philosopher\u0027s Stone":17,"Bottled Lightning":26,"Cracked Core":0,"StrikeDummy":22,"TungstenRod":28,"Pocketwatch":55},{"Ice Cream":0,"Potion Belt":18,"Calipers":5,"Vajra":10,"Eternal Feather":0,"Bag of Preparation":20,"Smiling Mask":0,"Ancient Tea Set":18,"Calling Bell":0,"SlaversCollar":14,"Anchor":13,"Pantograph":7,"Philosopher\u0027s Stone":8,"Bottled Lightning":10,"Cracked Core":0,"StrikeDummy":9,"TungstenRod":12,"Pocketwatch":24},{"Ice Cream":0,"Potion Belt":99,"Calipers":24,"Vajra":49,"Eternal Feather":0,"Bag of Preparation":113,"Smiling Mask":0,"Ancient Tea Set":99,"Calling Bell":0,"SlaversCollar":75,"Anchor":65,"Pantograph":33,"Philosopher\u0027s Stone":39,"Bottled Lightning":49,"Cracked Core":0,"StrikeDummy":42,"TungstenRod":61,"Pocketwatch":155}],"TungstenRod":17,"Pocketwatch":[3]},"card_choices":[{"not_picked":["Coolheaded","Reprogram"],"picked":"Turbo","floor":1},{"not_picked":["Heatsinks","Turbo"],"picked":"Darkness","floor":3},{"not_picked":["Heatsinks","Turbo"],"picked":"Ball Lightning","floor":4},{"not_picked":["Steam","Stack"],"picked":"Consume","floor":7},{"not_picked":["Compile Driver","Force Field"],"picked":"Hologram","floor":8},{"not_picked":["Beam Cell","Streamline"],"picked":"Reboot","floor":11},{"not_picked":["Blizzard","Reinforced Body"],"picked":"Hyperbeam","floor":14},{"not_picked":["Electrodynamics","Fission"],"picked":"Meteor Strike","floor":16},{"not_picked":["Tempest","Beam Cell"],"picked":"Glacier+1","floor":18},{"not_picked":["Leap","Lockon"],"picked":"White Noise","floor":24},{"not_picked":["Conserve Battery","Steam Power"],"picked":"Skim","floor":27},{"not_picked":["Sunder","Blizzard"],"picked":"Self Repair+1","floor":28},{"not_picked":["Cold Snap","Turbo"],"picked":"Genetic Algorithm+1","floor":30},{"not_picked":["Biased Cognition","Reboot"],"picked":"Echo Form","floor":33},{"not_picked":["Sweeping Beam","Gash+1","Compile Driver"],"picked":"SKIP","floor":38},{"not_picked":["Creative AI","Turbo"],"picked":"Hologram","floor":39},{"not_picked":["Skim","Cold Snap"],"picked":"Undo","floor":41},{"not_picked":["Steam Power","Cold Snap+1"],"picked":"White Noise+1","floor":45},{"not_picked":["Self Repair","Rainbow","Aggregate"],"picked":"SKIP","floor":46},{"not_picked":["Consume","Leap"],"picked":"Reinforced Body+1","floor":48},{"not_picked":["Streamline+1","Self Repair"],"picked":"Force Field+1","floor":55}],"player_experience":6369205,"relics_obtained":[{"floor":0,"key":"Smiling Mask"},{"floor":0,"key":"Eternal Feather"},{"floor":0,"key":"Ice Cream"},{"floor":8,"key":"Calipers"},{"floor":14,"key":"Pantograph"},{"floor":24,"key":"Vajra"},{"floor":26,"key":"Bottled Lightning"},{"floor":28,"key":"TungstenRod"},{"floor":41,"key":"Ancient Tea Set"},{"floor":43,"key":"Potion Belt"},{"floor":46,"key":"Bag of Preparation"},{"floor":55,"key":"Pocketwatch"}],"event_choices":[{"damage_healed":0,"gold_gain":0,"player_choice":"Entered Light","damage_taken":21,"max_hp_gain":0,"max_hp_loss":0,"event_name":"Shining Light","floor":2,"gold_loss":0,"cards_upgraded":["Defend_B","Defend_B"]},{"cards_removed":["Defend_B"],"damage_healed":0,"gold_gain":0,"player_choice":"Card Removal","damage_taken":7,"max_hp_gain":0,"max_hp_loss":0,"event_name":"Golden Wing","floor":13,"gold_loss":0},{"damage_healed":0,"gold_gain":0,"cards_transformed":["Strike_B","Strike_B"],"player_choice":"Became Test Subject","damage_taken":0,"max_hp_gain":0,"max_hp_loss":0,"event_name":"Drug Dealer","floor":20,"gold_loss":0,"cards_obtained":["Stack","Auto Shields"]},{"damage_healed":0,"gold_gain":0,"player_choice":"Read","damage_taken":0,"max_hp_gain":0,"max_hp_loss":0,"event_name":"The Library","floor":21,"gold_loss":0,"cards_obtained":["Coolheaded"]},{"damage_healed":0,"gold_gain":0,"player_choice":"Gave Potion","damage_taken":0,"relics_obtained":["StrikeDummy"],"max_hp_gain":0,"max_hp_loss":0,"event_name":"WeMeetAgain","floor":22,"gold_loss":0},{"damage_healed":0,"gold_gain":0,"player_choice":"Max HP","damage_taken":0,"max_hp_gain":0,"max_hp_loss":4,"event_name":"Winding Halls","floor":37,"gold_loss":0}],"is_beta":false,"boss_relics":[{"not_picked":["Fusion Hammer","SacredBark"],"picked":"Philosopher\u0027s Stone"},{"not_picked":["Runic Dome","Astrolabe"],"picked":"SlaversCollar"}],"items_purged_floors":[5,19,31,36,47],"is_endless":false,"potions_floor_spawned":[11,14,16,27,28,30,38,39,41,46,48,55],"ascension_level":20}