{"gold_per_floor":[162,0,0,11,21,55,55,86,86,118,131,131,151,151,151,229,229,240,42,54,88,138,138,138,152,152,152,252,252,283,297,297,369,369,380,392,614,614,52,87,103,115,115,115,150,200,200,218,218,218,218,218,218,51,78,78],"floor_reached":57,"playtime":4548,"items_purged":["Strike_B","Strike_B","Strike_B"],"score":2821,"play_id":"36cc1940-9273-4880-928e-9b4dd3d222bd","local_time":"20220315145414","is_ascension_mode":true,"campfire_choices":[{"data":"Darkness","floor":7,"key":"SMITH"},{"data":"Fission","floor":12,"key":"SMITH"},{"data":"Hologram","floor":15,"key":"SMITH"},{"data":"Biased Cognition","floor":23,"key":"SMITH"},{"floor":27,"key":"REST"},{"data":"Panacea","floor":32,"key":"SMITH"},{"data":"Defragment","floor":44,"key":"SMITH"},{"floor":47,"key":"RECALL"},{"floor":49,"key":"REST"},{"data":"Defragment","floor":53,"key":"SMITH"}],"neow_cost":"NONE","seed_source_timestamp":1622743546318300,"circlet_count":0,"master_deck":["AscendersBane","Defend_B","Defend_B","Defend_B","Defend_B","Dualcast","Conserve Battery+1","Hello World","FTL","Rebound","Darkness+1","Compile Driver","Fission+1","Coolheaded","Hologram+1","Biased Cognition+1","Cold Snap+1","Panacea+1","Glacier","Turbo","Tempest","Barrage","Core Surge","Defragment+1","Creative AI","Compile Driver+1","Defragment+1","Glacier","Hologram+1"],"relics":["Tiny House","Bottled Lightning","Singing Bowl","Question Card","Inserter","Red Mask","Kunai","Mango","Mummified Hand","Lizard Tail","Pear","Runic Dome","OrangePellets","Shuriken","Pen Nib","Sundial","Bag of Preparation","Frozen Eye","Emotion Chip"],"potions_floor_usage":[8,16,28,33,55,56],"damage_taken":[{"damage":2,"enemies":"Small Slimes","floor":1,"turns":4},{"damage":2,"enemies":"2 Louse","floor":4,"turns":4},{"damage":2,"enemies":"Jaw Worm","floor":5,"turns":5},{"damage":0,"enemies":"Lagavulin","floor":6,"turns":6},{"damage":18,"enemies":"3 Sentries","floor":8,"turns":5},{"damage":1,"enemies":"Lagavulin","floor":10,"turns":6},{"damage":5,"enemies":"3 Louse","floor":11,"turns":4},{"damage":9,"enemies":"Red Slaver","floor":13,"turns":3},{"damage":24,"enemies":"The Guardian","floor":16,"turns":6},{"damage":8,"enemies":"2 Thieves","floor":18,"turns":4},{"damage":0,"enemies":"Chosen","floor":20,"turns":5},{"damage":21,"enemies":"Masked Bandits","floor":21,"turns":5},{"damage":0,"enemies":"Snecko","floor":25,"turns":7},{"damage":12,"enemies":"Colosseum Slavers","floor":28,"turns":5},{"damage":9,"enemies":"Colosseum Nobs","floor":28,"turns":8},{"damage":6,"enemies":"Slavers","floor":30,"turns":7},{"damage":0,"enemies":"Snake Plant","floor":31,"turns":3},{"damage":20,"enemies":"Collector","floor":33,"turns":11},{"damage":13,"enemies":"Orb Walker","floor":35,"turns":5},{"damage":3,"enemies":"3 Shapes","floor":36,"turns":5},{"damage":8,"enemies":"Nemesis","floor":40,"turns":9},{"damage":8,"enemies":"Maw","floor":41,"turns":6},{"damage":30,"enemies":"Jaw Worm Horde","floor":42,"turns":5},{"damage":0,"enemies":"Giant Head","floor":45,"turns":7},{"damage":5,"enemies":"Spire Growth","floor":48,"turns":4},{"damage":2,"enemies":"Donu and Deca","floor":50,"turns":13},{"damage":15,"enemies":"Awakened One","floor":51,"turns":16},{"damage":18,"enemies":"Shield and Spear","floor":55,"turns":8},{"damage":19,"enemies":"The Heart","floor":56,"turns":11}],"seed_played":"3574782469213358000","potions_obtained":[{"floor":0,"key":"FearPotion"},{"floor":6,"key":"SpeedPotion"},{"floor":8,"key":"Weak Potion"},{"floor":10,"key":"Block Potion"},{"floor":25,"key":"SpeedPotion"},{"floor":30,"key":"Ancient Potion"},{"floor":33,"key":"FearPotion"},{"floor":36,"key":"SpeedPotion"},{"floor":55,"key":"Block Potion"}],"is_trial":false,"path_per_floor":["M","$","?","M","M","E","R","E","T","E","M","R","M","?","R","B",null,"M","$","M","?","?","R","?","M","T","R","?","T","E","M","R","B",null,"M","M","?","?","$","E","M","M","T","R","E","?","R","M","R","B","B",null,"R","$","E","B",null],"character_chosen":"DEFECT","items_purchased":["FTL","Panacea","OrangePellets","Shuriken","Frozen Eye"],"campfire_rested":2,"item_purchase_floors":[2,19,39,39,54],"current_hp_per_floor":[67,67,67,65,63,63,63,45,45,44,41,41,32,32,32,8,61,53,53,53,32,32,32,32,34,34,58,53,53,57,59,59,39,91,78,75,75,75,75,67,61,31,31,31,31,31,31,26,59,57,42,93,93,93,77,58],"gold":78,"neow_bonus":"BOSS_RELIC","is_prod":false,"is_daily":false,"chose_seed":false,"campfire_upgraded":7,"win_rate":0,"timestamp":1647370454,"path_taken":["M","$","?","M","M","E","R","E","T","E","M","R","M","?","R","BOSS","M","$","M","?","?","R","?","?","T","R","?","?","E","?","R","BOSS","M","M","?","?","$","E","M","M","T","R","E","?","R","?","R","BOSS","BOSS","R","$","E","BOSS"],"build_version":"2022-03-07","purchased_purges":3,"victory":true,"max_hp_per_floor":[76,76,76,76,76,76,76,76,76,76,78,78,78,78,78,78,78,78,78,78,78,78,78,78,80,80,80,96,96,106,108,108,108,108,108,108,108,108,108,108,110,110,110,110,110,110,110,110,110,110,110,110,110,110,112,112],"relic_stats":{"Inserter":[68],"Singing Bowl":12,"counters":[29,187],"Pen Nib":[14],"Bag of Preparation":[10],"Question Card":19,"OrangePellets":[13],"Frozen Eye":49.0309,"Lizard Tail":0,"Emotion Chip":[15,7,7,1,0],"Mummified Hand":[107],"Shuriken":[27],"Sundial":[10],"Bottled Lightning":"Darkness","Kunai":[34],"obtain_stats":[{"Tiny House":0,"Inserter":17,"Pear":30,"Singing Bowl":8,"Mango":28,"Pen Nib":40,"Bag of Preparation":45,"Question Card":10,"Runic Dome":34,"OrangePellets":39,"Frozen Eye":54,"Lizard Tail":29,"Emotion Chip":55,"Mummified Hand":28,"Shuriken":39,"Sundial":43,"Red Mask":21,"Bottled Lightning":6,"Kunai":26,"Cracked Core":0},{"Tiny House":0,"Inserter":9,"Pear":16,"Singing Bowl":5,"Mango":15,"Pen Nib":21,"Bag of Preparation":24,"Question Card":6,"Runic Dome":18,"OrangePellets":20,"Frozen Eye":27,"Lizard Tail":15,"Emotion Chip":28,"Mummified Hand":15,"Shuriken":20,"Sundial":23,"Red Mask":12,"Bottled Lightning":4,"Kunai":13,"Cracked Core":0},{"Tiny House":0,"Inserter":43,"Pear":84,"Singing Bowl":24,"Mango":77,"Pen Nib":117,"Bag of Preparation":135,"Question Card":30,"Runic Dome":98,"OrangePellets":108,"Frozen Eye":168,"Lizard Tail":77,"Emotion Chip":176,"Mummified Hand":77,"Shuriken":108,"Sundial":128,"Red Mask":57,"Bottled Lightning":19,"Kunai":64,"Cracked Core":0}]},"card_choices":[{"not_picked":["Hologram","Stack"],"picked":"Conserve Battery","floor":0},{"not_picked":["Go for the Eyes","Rip and Tear"],"picked":"Hello World","floor":1},{"not_picked":["Redo","FTL"],"picked":"Rebound","floor":4},{"not_picked":["Barrage","Steam"],"picked":"Darkness","floor":5},{"not_picked":["Redo","Sweeping Beam"],"picked":"Compile Driver","floor":6},{"not_picked":["Hello World","Compile Driver"],"picked":"Fission","floor":8},{"not_picked":["Rebound","Leap"],"picked":"Coolheaded","floor":10},{"not_picked":["Cold Snap","Coolheaded","Tempest","Streamline"],"picked":"Singing Bowl","floor":11},{"not_picked":["Streamline","Beam Cell","Stack"],"picked":"Hologram","floor":13},{"not_picked":["All For One","Echo Form","Seek"],"picked":"Biased Cognition","floor":16},{"not_picked":["Coolheaded","Leap+1","Rebound"],"picked":"Cold Snap+1","floor":18},{"not_picked":["Stack","Gash","Coolheaded"],"picked":"Glacier","floor":20},{"not_picked":["Leap","Beam Cell","Blizzard"],"picked":"Turbo","floor":21},{"not_picked":["Barrage","Gash","Loop","Heatsinks"],"picked":"Singing Bowl","floor":25},{"not_picked":["Stack","BootSequence","Go for the Eyes","Sweeping Beam"],"picked":"Singing Bowl","floor":28},{"not_picked":["Coolheaded","Compile Driver","Conserve Battery"],"picked":"Barrage","floor":30},{"not_picked":["Conserve Battery","Leap","Thunder Strike","Redo"],"picked":"Singing Bowl","floor":31},{"not_picked":["All For One","Buffer","Amplify"],"picked":"Core Surge","floor":33},{"not_picked":["Coolheaded","Beam Cell","Conserve Battery+1"],"picked":"Defragment","floor":35},{"not_picked":["Streamline","Barrage","Compile Driver"],"picked":"Creative AI","floor":36},{"not_picked":["Steam","Ball Lightning","Scrape"],"picked":"Compile Driver+1","floor":40},{"not_picked":["Genetic Algorithm","Redo","Barrage","Cold Snap"],"picked":"Singing Bowl","floor":41},{"not_picked":["Turbo","Cold Snap+1","Capacitor"],"picked":"Defragment","floor":42},{"not_picked":["Melter","Rebound","Sweeping Beam+1"],"picked":"Glacier","floor":45},{"not_picked":["Barrage","Amplify","Rebound+1"],"picked":"Hologram+1","floor":48},{"not_picked":["Blizzard","Scrape","Sweeping Beam","Consume+1"],"picked":"Singing Bowl","floor":55}],"player_experience":6469164,"relics_obtained":[{"floor":6,"key":"Bottled Lightning"},{"floor":8,"key":"Singing Bowl"},{"floor":10,"key":"Question Card"},{"floor":21,"key":"Red Mask"},{"floor":26,"key":"Kunai"},{"floor":28,"key":"Mango"},{"floor":28,"key":"Mummified Hand"},{"floor":29,"key":"Lizard Tail"},{"floor":30,"key":"Pear"},{"floor":40,"key":"Pen Nib"},{"floor":43,"key":"Sundial"},{"floor":45,"key":"Bag of Preparation"},{"floor":55,"key":"Emotion Chip"}],"event_choices":[{"damage_healed":0,"gold_gain":0,"player_choice":"Grow","damage_taken":0,"max_hp_gain":0,"max_hp_loss":0,"event_name":"Living Wall","floor":3,"gold_loss":0,"cards_upgraded":["Conserve Battery"]},{"damage_healed":0,"gold_gain":0,"player_choice":"Ignored","damage_taken":0,"max_hp_gain":0,"max_hp_loss":0,"event_name":"Liars Game","floor":14,"gold_loss":0},{"damage_healed":0,"gold_gain":0,"player_choice":"Fought Bandits","damage_taken":0,"max_hp_gain":0,"max_hp_loss":0,"event_name":"Masked Bandits","floor":21,"gold_loss":0},{"damage_healed":0,"gold_gain":50,"player_choice":"Stole From Cult","damage_taken":0,"max_hp_gain":0,"max_hp_loss":0,"event_name":"Nest","floor":22,"gold_loss":0},{"damage_healed":0,"gold_gain":0,"cards_transformed":["Strike_B"],"player_choice":"Transformed","damage_taken":0,"max_hp_gain":0,"max_hp_loss":0,"event_name":"Transmorgrifier","floor":24,"gold_loss":0,"cards_obtained":["Tempest"]},{"damage_healed":0,"gold_gain":0,"player_choice":"Fight","damage_taken":0,"max_hp_gain":0,"max_hp_loss":0,"event_name":"Colosseum","floor":28,"gold_loss":0},{"damage_healed":0,"gold_gain":0,"player_choice":"Fought Nobs","damage_taken":0,"max_hp_gain":0,"max_hp_loss":0,"event_name":"Colosseum","floor":28,"gold_loss":0},{"damage_healed":0,"gold_gain":222,"player_choice":"Wore Mask","damage_taken":0,"max_hp_gain":0,"max_hp_loss":0,"event_name":"Tomb of Lord Red Mask","floor":37,"gold_loss":0},{"cards_removed":["Zap"],"damage_healed":0,"gold_gain":0,"player_choice":"Removed Skill","damage_taken":0,"max_hp_gain":0,"max_hp_loss":0,"event_name":"Falling","floor":38,"gold_loss":0},{"damage_healed":0,"gold_gain":50,"player_choice":"Pray","damage_taken":0,"max_hp_gain":0,"max_hp_loss":0,"event_name":"Golden Shrine","floor":46,"gold_loss":0}],"is_beta":false,"boss_relics":[{"not_picked":["Cursed Key","Black Star"],"picked":"Inserter"},{"not_picked":["Pandora\u0027s Box","Sozu"],"picked":"Runic Dome"}],"items_purged_floors":[2,19,39],"is_endless":false,"potions_floor_spawned":[6,8,10,13,25,30,33,36,40,45,55],"ascension_level":20}