{"gold_per_floor":[118,118,118,14,14,14,48,48,48,82,7,7,7,17,17,91,91,107,107,127,27,46,75,75,100,154,166,188,227,164,176,188,200],"floor_reached":33,"playtime":1476,"items_purged":["Strike_B","Strike_B"],"score":714,"play_id":"a9ac1f8e-97ce-4116-99c8-510a192b5b2d","local_time":"20220315130451","is_ascension_mode":true,"campfire_choices":[{"data":"Beam Cell","floor":6,"key":"SMITH"},{"data":"Go for the Eyes","floor":8,"key":"SMITH"},{"data":"Sunder","floor":13,"key":"SMITH"},{"data":"Sweeping Beam","floor":15,"key":"SMITH"},{"data":"Reinforced Body","floor":24,"key":"SMITH"},{"data":"Skim","floor":27,"key":"SMITH"},{"floor":32,"key":"REST"}],"neow_cost":"NONE","seed_source_timestamp":1619277036115600,"circlet_count":0,"master_deck":["AscendersBane","Strike_B","Defend_B","Defend_B","Defend_B","Defend_B","Dualcast","Beam Cell+1","Go for the Eyes+1","Skim+1","Sweeping Beam+1","Sunder+1","All For One","Rebound","Reinforced Body+1","Double Energy+1","Beam Cell+1","Steam+1"],"relics":["Cracked Core","NeowsBlessing","Orichalcum","Juzu Bracelet","Eternal Feather","Akabeko","CultistMask","Runic Pyramid","Mummified Hand","Emotion Chip","MawBank","Strawberry"],"potions_floor_usage":[18,18,18,20,23,33,33],"damage_taken":[{"damage":0,"enemies":"Small Slimes","floor":1,"turns":1},{"damage":0,"enemies":"Gremlin Nob","floor":7,"turns":1},{"damage":0,"enemies":"Lagavulin","floor":10,"turns":1},{"damage":6,"enemies":"Jaw Worm","floor":14,"turns":2},{"damage":25,"enemies":"The Guardian","floor":16,"turns":13},{"damage":14,"enemies":"Shell Parasite","floor":18,"turns":3},{"damage":5,"enemies":"2 Thieves","floor":20,"turns":2},{"damage":4,"enemies":"3 Cultists","floor":22,"turns":5},{"damage":8,"enemies":"Slavers","floor":23,"turns":5},{"damage":18,"enemies":"Gremlin Leader","floor":25,"turns":6},{"damage":0,"enemies":"Snecko","floor":28,"turns":3},{"damage":8,"enemies":"Book of Stabbing","floor":29,"turns":4},{"damage":84,"enemies":"Champ","floor":33,"turns":16}],"seed_played":"3495113988324238181","potions_obtained":[{"floor":5,"key":"FocusPotion"},{"floor":5,"key":"EntropicBrew"},{"floor":18,"key":"Dexterity Potion"},{"floor":20,"key":"GamblersBrew"},{"floor":28,"key":"Ancient Potion"}],"is_trial":false,"path_per_floor":["M","?","?","$","?","R","E","R","T","E","$","?","R","M","R","B",null,"M","?","M","$","M","E","R","E","T","R","M","E","?","?","R","B"],"character_chosen":"DEFECT","items_purchased":["Go for the Eyes","Sunder"],"campfire_rested":1,"item_purchase_floors":[4,11],"current_hp_per_floor":[64,53,58,58,58,58,58,58,58,58,58,58,67,61,70,45,68,54,54,49,49,45,37,46,28,28,37,37,36,36,36,69,0],"gold":200,"neow_bonus":"THREE_ENEMY_KILL","is_prod":false,"is_daily":false,"chose_seed":false,"campfire_upgraded":6,"win_rate":0,"timestamp":1647363891,"path_taken":["M","?","?","$","?","R","E","R","T","E","$","?","R","M","R","BOSS","M","?","M","?","M","E","R","E","T","R","M","E","?","?","R","BOSS"],"build_version":"2022-03-07","purchased_purges":2,"victory":false,"max_hp_per_floor":[71,71,76,76,76,76,76,76,76,76,76,76,76,76,76,76,76,76,76,76,76,76,76,76,76,76,76,76,83,83,83,83,83],"relic_stats":{"Emotion Chip":[7,7,0,0,0],"counters":[13,62],"Mummified Hand":[0],"Eternal Feather":45,"Juzu Bracelet":2,"Orichalcum":[138],"MawBank":84,"obtain_stats":[{"Emotion Chip":25,"NeowsBlessing":0,"Mummified Hand":23,"Strawberry":29,"Eternal Feather":9,"CultistMask":12,"Juzu Bracelet":7,"Orichalcum":2,"Cracked Core":0,"MawBank":26,"Akabeko":10,"Runic Pyramid":17},{"Emotion Chip":10,"NeowsBlessing":0,"Mummified Hand":9,"Strawberry":12,"Eternal Feather":2,"CultistMask":3,"Juzu Bracelet":2,"Orichalcum":1,"Cracked Core":0,"MawBank":10,"Akabeko":3,"Runic Pyramid":5},{"Emotion Chip":39,"NeowsBlessing":0,"Mummified Hand":33,"Strawberry":46,"Eternal Feather":2,"CultistMask":3,"Juzu Bracelet":2,"Orichalcum":1,"Cracked Core":0,"MawBank":39,"Akabeko":3,"Runic Pyramid":18}]},"card_choices":[{"not_picked":["Leap","Stack"],"picked":"Beam Cell","floor":1},{"not_picked":["Barrage","Reinforced Body"],"picked":"Skim","floor":7},{"not_picked":["Stack","Consume"],"picked":"Sweeping Beam","floor":10},{"not_picked":["Biased Cognition","Hyperbeam"],"picked":"All For One","floor":16},{"not_picked":["Redo","Leap"],"picked":"Rebound","floor":18},{"not_picked":["Barrage","Darkness"],"picked":"Reinforced Body","floor":20},{"not_picked":["Redo+1","Sweeping Beam"],"picked":"Double Energy+1","floor":22},{"not_picked":["Conserve Battery","Redo"],"picked":"Beam Cell+1","floor":23},{"not_picked":["Darkness","Sweeping Beam","Stack"],"picked":"SKIP","floor":25},{"not_picked":["Hello World","Fission"],"picked":"Steam+1","floor":28}],"player_experience":6466051,"relics_obtained":[{"floor":7,"key":"Juzu Bracelet"},{"floor":9,"key":"Eternal Feather"},{"floor":10,"key":"Akabeko"},{"floor":23,"key":"Mummified Hand"},{"floor":25,"key":"Emotion Chip"},{"floor":26,"key":"MawBank"},{"floor":29,"key":"Strawberry"}],"event_choices":[{"damage_healed":0,"gold_gain":0,"player_choice":"Success","damage_taken":11,"relics_obtained":["Orichalcum"],"max_hp_gain":0,"max_hp_loss":0,"event_name":"Scrap Ooze","floor":2,"gold_loss":0},{"damage_healed":0,"gold_gain":0,"player_choice":"Donut","damage_taken":0,"max_hp_gain":5,"max_hp_loss":0,"event_name":"Big Fish","floor":3,"gold_loss":0},{"damage_healed":0,"gold_gain":0,"player_choice":"Got Potions","damage_taken":0,"max_hp_gain":0,"max_hp_loss":0,"event_name":"Lab","floor":5,"gold_loss":0},{"damage_healed":0,"gold_gain":0,"player_choice":"Trade","damage_taken":0,"relics_obtained":["CultistMask"],"max_hp_gain":0,"max_hp_loss":0,"event_name":"FaceTrader","floor":12,"gold_loss":0},{"cards_removed":["Strike_B"],"damage_healed":0,"gold_gain":0,"player_choice":"Purged","damage_taken":0,"max_hp_gain":0,"max_hp_loss":0,"event_name":"Purifier","floor":19,"gold_loss":0},{"cards_removed":["Zap"],"damage_healed":0,"gold_gain":0,"player_choice":"Gave Gold","damage_taken":0,"max_hp_gain":0,"max_hp_loss":0,"event_name":"Beggar","floor":30,"gold_loss":75},{"damage_healed":0,"gold_gain":0,"player_choice":"Ignored","damage_taken":0,"max_hp_gain":0,"max_hp_loss":0,"event_name":"Vampires","floor":31,"gold_loss":0}],"is_beta":false,"boss_relics":[{"not_picked":["Nuclear Battery","Astrolabe"],"picked":"Runic Pyramid"}],"items_purged_floors":[4,21],"is_endless":false,"potions_floor_spawned":[7,14,18,20,28],"killed_by":"Champ","ascension_level":20}