{"gold_per_floor":[111,124,124,49,49,49,60,90,117,117,130,141,166,176,176,250,250,262,262,274,36,48,48,65,95,118,168,204,232,232,232],"floor_reached":31,"playtime":1637,"items_purged":["Strike_B"],"score":574,"play_id":"a8b9c11d-06cf-4c84-8398-440e680e81c6","local_time":"20220315133659","is_ascension_mode":true,"campfire_choices":[{"data":"Cold Snap","floor":6,"key":"SMITH"},{"data":"Reinforced Body","floor":10,"key":"SMITH"},{"data":"Rebound","floor":15,"key":"SMITH"},{"data":"Defragment","floor":23,"key":"SMITH"},{"floor":30,"key":"REST"}],"neow_cost":"NONE","seed_source_timestamp":1621045059371300,"circlet_count":0,"master_deck":["AscendersBane","Strike_B+1","Strike_B+1","Defend_B","Defend_B","Defend_B","Defend_B","Zap","Dualcast","Cold Snap+1","Barrage+1","Rebound","Reinforced Body+1","Cold Snap","Rebound+1","Echo Form","Sunder","Cold Snap+1","Defragment+1","Undo","Buffer","Beam Cell","Hologram"],"relics":["Nuclear Battery","Whetstone","Nunchaku","Gambling Chip","Philosopher\u0027s Stone","NlothsMask","Akabeko","CeramicFish"],"potions_floor_usage":[8,13,13,22,25],"damage_taken":[{"damage":9,"enemies":"Jaw Worm","floor":1,"turns":4},{"damage":5,"enemies":"Small Slimes","floor":2,"turns":4},{"damage":0,"enemies":"2 Louse","floor":7,"turns":2},{"damage":5,"enemies":"3 Sentries","floor":8,"turns":6},{"damage":0,"enemies":"Red Slaver","floor":11,"turns":3},{"damage":0,"enemies":"Looter","floor":12,"turns":3},{"damage":4,"enemies":"Gremlin Nob","floor":13,"turns":3},{"damage":0,"enemies":"2 Fungi Beasts","floor":14,"turns":2},{"damage":48,"enemies":"Hexaghost","floor":16,"turns":10},{"damage":8,"enemies":"Chosen","floor":18,"turns":4},{"damage":3,"enemies":"Spheric Guardian","floor":20,"turns":3},{"damage":10,"enemies":"Snake Plant","floor":22,"turns":6},{"damage":0,"enemies":"Cultist and Chosen","floor":24,"turns":6},{"damage":21,"enemies":"Slavers","floor":25,"turns":6},{"damage":10,"enemies":"Book of Stabbing","floor":28,"turns":6},{"damage":12,"enemies":"Shelled Parasite and Fungi","floor":29,"turns":6},{"damage":36,"enemies":"Snake Plant","floor":31,"turns":2}],"seed_played":"17166861043259049","potions_obtained":[{"floor":2,"key":"SteroidPotion"},{"floor":7,"key":"BlessingOfTheForge"},{"floor":8,"key":"FearPotion"},{"floor":12,"key":"DistilledChaos"},{"floor":18,"key":"Regen Potion"},{"floor":24,"key":"Explosive Potion"},{"floor":29,"key":"PotionOfCapacity"}],"is_trial":false,"path_per_floor":["M","M","?","?","?","R","M","E","T","R","M","M","E","M","R","B",null,"M","?","M","$","M","R","M","E","T","?","E","M","R","M"],"character_chosen":"DEFECT","items_purchased":["Defragment","DuplicationPotion"],"campfire_rested":1,"item_purchase_floors":[21,21],"current_hp_per_floor":[55,50,71,71,71,71,71,66,66,66,66,66,62,62,62,14,57,49,49,46,46,51,51,51,30,30,30,20,8,29,0],"gold":232,"neow_bonus":"BOSS_RELIC","is_prod":false,"is_daily":false,"chose_seed":false,"campfire_upgraded":4,"win_rate":0,"timestamp":1647365819,"path_taken":["M","M","?","?","?","R","M","E","T","R","M","M","E","?","R","BOSS","M","?","M","$","M","R","?","E","T","?","E","M","R","M"],"build_version":"2022-03-07","purchased_purges":1,"victory":false,"max_hp_per_floor":[71,71,71,71,71,71,71,71,71,71,71,71,71,71,71,71,71,71,71,71,71,71,71,71,71,71,71,71,71,71,71],"relic_stats":{"Nunchaku":[12],"counters":[17,76],"Gambling Chip":[28],"CeramicFish":18,"Whetstone":["Strike_B","Strike_B"],"obtain_stats":[{"Nunchaku":9,"Gambling Chip":13,"CeramicFish":28,"Philosopher\u0027s Stone":17,"Whetstone":8,"Cracked Core":0,"Akabeko":25,"Nuclear Battery":0,"NlothsMask":19},{"Nunchaku":4,"Gambling Chip":7,"CeramicFish":15,"Philosopher\u0027s Stone":9,"Whetstone":4,"Cracked Core":0,"Akabeko":14,"Nuclear Battery":0,"NlothsMask":10},{"Nunchaku":16,"Gambling Chip":25,"CeramicFish":68,"Philosopher\u0027s Stone":37,"Whetstone":16,"Cracked Core":0,"Akabeko":62,"Nuclear Battery":0,"NlothsMask":41}]},"card_choices":[{"not_picked":["Ball Lightning","Reinforced Body"],"picked":"Cold Snap","floor":1},{"not_picked":["Steam","Capacitor"],"picked":"Barrage","floor":2},{"not_picked":["Beam Cell","Ball Lightning"],"picked":"Rebound","floor":7},{"not_picked":["Aggregate","Scrape"],"picked":"Reinforced Body","floor":8},{"not_picked":["Chaos","Aggregate","Consume"],"picked":"SKIP","floor":11},{"not_picked":["Barrage","Streamline","Rebound"],"picked":"SKIP","floor":12},{"not_picked":["Rebound","Conserve Battery"],"picked":"Cold Snap","floor":13},{"not_picked":["Steam","Force Field"],"picked":"Rebound","floor":14},{"not_picked":["Fission","Core Surge"],"picked":"Echo Form","floor":16},{"not_picked":["Sweeping Beam","Rip and Tear"],"picked":"Sunder","floor":18},{"not_picked":["Steam Power","Double Energy"],"picked":"Cold Snap+1","floor":20},{"not_picked":["Conserve Battery","Hologram"],"picked":"Undo","floor":24},{"not_picked":["Chaos","Gash"],"picked":"Buffer","floor":25},{"not_picked":["Darkness","Ball Lightning"],"picked":"Beam Cell","floor":28},{"not_picked":["Turbo","Streamline"],"picked":"Hologram","floor":29}],"player_experience":6467527,"relics_obtained":[{"floor":8,"key":"Whetstone"},{"floor":9,"key":"Nunchaku"},{"floor":13,"key":"Gambling Chip"},{"floor":25,"key":"Akabeko"},{"floor":28,"key":"CeramicFish"}],"event_choices":[{"damage_healed":23,"gold_gain":0,"player_choice":"Banana","damage_taken":0,"max_hp_gain":0,"max_hp_loss":0,"event_name":"Big Fish","floor":3,"gold_loss":0},{"cards_removed":["Strike_B"],"damage_healed":0,"gold_gain":0,"player_choice":"Card Removal","damage_taken":0,"max_hp_gain":0,"max_hp_loss":0,"event_name":"The Cleric","floor":4,"gold_loss":75},{"damage_healed":0,"gold_gain":0,"player_choice":"Forge","damage_taken":0,"max_hp_gain":0,"max_hp_loss":0,"event_name":"Accursed Blacksmith","floor":5,"gold_loss":0,"cards_upgraded":["Barrage"]},{"damage_healed":0,"gold_gain":0,"player_choice":"Trade","damage_taken":0,"relics_obtained":["NlothsMask"],"max_hp_gain":0,"max_hp_loss":0,"event_name":"FaceTrader","floor":19,"gold_loss":0},{"damage_healed":0,"gold_gain":50,"player_choice":"Stole From Cult","damage_taken":0,"max_hp_gain":0,"max_hp_loss":0,"event_name":"Nest","floor":27,"gold_loss":0}],"is_beta":false,"boss_relics":[{"not_picked":["Ectoplasm","Busted Crown"],"picked":"Philosopher\u0027s Stone"}],"items_purged_floors":[21],"is_endless":false,"potions_floor_spawned":[2,7,8,12,18,24,29],"killed_by":"Snake Plant","ascension_level":20}