{"gold_per_floor":[112,130,142,142,156,156,173,173],"floor_reached":8,"playtime":1171,"items_purged":[],"score":100,"play_id":"1bb9c959-f30a-488b-8bdd-1d568d7741f6","local_time":"20220324161845","is_ascension_mode":true,"campfire_choices":[{"data":"Go for the Eyes","floor":6,"key":"SMITH"}],"neow_cost":"NONE","seed_source_timestamp":2408776541533200,"circlet_count":0,"master_deck":["AscendersBane","Strike_B","Strike_B","Strike_B","Strike_B","Defend_B","Defend_B","Defend_B","Defend_B","Zap","Dualcast","Skim","Gash","Go for the Eyes+1","Self Repair","Glacier"],"relics":["SacredBark"],"potions_floor_usage":[5,7,8,8],"damage_taken":[{"damage":7,"enemies":"Cultist","floor":1,"turns":4},{"damage":9,"enemies":"Small Slimes","floor":2,"turns":4},{"damage":7,"enemies":"2 Louse","floor":3,"turns":3},{"damage":16,"enemies":"Lots of Slimes","floor":5,"turns":5},{"damage":14,"enemies":"Looter","floor":7,"turns":4},{"damage":25,"enemies":"Gremlin Nob","floor":8,"turns":4}],"seed_played":"-1697595500837838824","potions_obtained":[{"floor":1,"key":"Ancient Potion"},{"floor":2,"key":"EntropicBrew"},{"floor":3,"key":"Swift Potion"}],"is_trial":false,"path_per_floor":["M","M","M","?","M","R","M","E"],"character_chosen":"DEFECT","items_purchased":[],"campfire_rested":0,"item_purchase_floors":[],"current_hp_per_floor":[57,48,41,41,25,25,18,0],"gold":173,"neow_bonus":"BOSS_RELIC","is_prod":false,"is_daily":false,"chose_seed":false,"campfire_upgraded":1,"win_rate":0,"timestamp":1648153125,"path_taken":["M","M","M","?","M","R","M","E"],"build_version":"2022-03-07","purchased_purges":0,"victory":false,"max_hp_per_floor":[71,71,71,71,71,71,71,71],"relic_stats":{"counters":[6,24],"obtain_stats":[{"SacredBark":0,"Cracked Core":0},{"SacredBark":0,"Cracked Core":0},{"SacredBark":0,"Cracked Core":0}]},"card_choices":[{"not_picked":["Storm","Turbo"],"picked":"Skim","floor":1},{"not_picked":["Consume","Steam"],"picked":"Gash","floor":2},{"not_picked":["Ball Lightning","Fusion"],"picked":"Go for the Eyes","floor":3},{"not_picked":["Turbo","White Noise"],"picked":"Self Repair","floor":5},{"not_picked":["Go for the Eyes","Skim"],"picked":"Glacier","floor":7}],"player_experience":6542840,"relics_obtained":[],"event_choices":[{"damage_healed":0,"gold_gain":0,"player_choice":"Fled","damage_taken":0,"max_hp_gain":0,"max_hp_loss":0,"event_name":"Scrap Ooze","floor":4,"gold_loss":0}],"is_beta":false,"boss_relics":[],"items_purged_floors":[],"is_endless":false,"potions_floor_spawned":[1,2,3],"killed_by":"Gremlin Nob","ascension_level":20}