{"gold_per_floor":[114,127,26,101,118,118,149,149,149,166,181,181,213,225,225,302,302,316,328,343,3,21,46,46,79,106,106,106,132,132,92,92,170,170,180,191,191,216,216,246,246,273,300,330,162,162,173,185,185,185,185,185,185,28,58,58],"floor_reached":57,"playtime":5507,"items_purged":["Strike_B","Strike_B","Shame"],"score":3366,"play_id":"af52ba3c-bab7-4be1-883d-88e7f50994a5","local_time":"20220325135202","is_ascension_mode":true,"campfire_choices":[{"data":"Ball Lightning","floor":6,"key":"SMITH"},{"data":"Hyperbeam","floor":8,"key":"SMITH"},{"data":"Leap","floor":12,"key":"SMITH"},{"data":"Doom and Gloom","floor":15,"key":"SMITH"},{"floor":24,"key":"REST"},{"floor":30,"key":"REST"},{"floor":32,"key":"RECALL"},{"floor":41,"key":"DIG"},{"floor":49,"key":"DIG"},{"floor":53,"key":"REST"}],"neow_cost":"NONE","seed_source_timestamp":2482016632145700,"circlet_count":0,"master_deck":["AscendersBane","Strike_B","Strike_B","Defend_B","Defend_B","Defend_B","Defend_B","Zap","Dualcast","Ball Lightning+1","Coolheaded","Leap+1","Cold Snap","Hyperbeam+1","Doom and Gloom+1","All For One","Recycle+1","Hologram+1","Sunder","Go for the Eyes+1","Genetic Algorithm","Sunder","Machine Learning","Chaos+1","Core Surge","Apotheosis","Master of Strategy","Hologram+1","Aggregate","Skim","Hologram","Buffer","Reprogram"],"relics":["Snecko Eye","Letter Opener","StoneCalendar","Gremlin Horn","Fusion Hammer","ClockworkSouvenir","Anchor","Bronze Scales","Pen Nib","Kunai","Cursed Key","Emotion Chip","Shovel","InkBottle","Ice Cream","Nunchaku","PreservedInsect","Orrery","Pantograph"],"potions_floor_usage":[7,18,19,20,40,44,47,56,56],"damage_taken":[{"damage":7,"enemies":"Small Slimes","floor":1,"turns":3},{"damage":7,"enemies":"Jaw Worm","floor":2,"turns":2},{"damage":0,"enemies":"Cultist","floor":5,"turns":3},{"damage":0,"enemies":"Gremlin Nob","floor":7,"turns":3},{"damage":0,"enemies":"Exordium Thugs","floor":10,"turns":1},{"damage":0,"enemies":"2 Fungi Beasts","floor":11,"turns":2},{"damage":0,"enemies":"3 Sentries","floor":13,"turns":2},{"damage":0,"enemies":"Exordium Wildlife","floor":14,"turns":2},{"damage":14,"enemies":"Hexaghost","floor":16,"turns":7},{"damage":4,"enemies":"Shell Parasite","floor":18,"turns":2},{"damage":6,"enemies":"2 Thieves","floor":19,"turns":2},{"damage":10,"enemies":"Snecko","floor":20,"turns":6},{"damage":0,"enemies":"Sentry and Sphere","floor":22,"turns":3},{"damage":0,"enemies":"Slavers","floor":23,"turns":1},{"damage":0,"enemies":"Gremlin Leader","floor":25,"turns":4},{"damage":7,"enemies":"Slavers","floor":29,"turns":2},{"damage":0,"enemies":"Automaton","floor":33,"turns":4},{"damage":0,"enemies":"3 Shapes","floor":35,"turns":3},{"damage":7,"enemies":"3 Darklings","floor":36,"turns":4},{"damage":5,"enemies":"Mind Bloom Boss Battle","floor":38,"turns":5},{"damage":0,"enemies":"Nemesis","floor":40,"turns":5},{"damage":0,"enemies":"Reptomancer","floor":42,"turns":2},{"damage":0,"enemies":"Nemesis","floor":44,"turns":4},{"damage":0,"enemies":"Spire Growth","floor":47,"turns":3},{"damage":0,"enemies":"Writhing Mass","floor":48,"turns":5},{"damage":16,"enemies":"Donu and Deca","floor":50,"turns":3},{"damage":10,"enemies":"Time Eater","floor":51,"turns":8},{"damage":0,"enemies":"Shield and Spear","floor":55,"turns":1},{"damage":0,"enemies":"The Heart","floor":56,"turns":7}],"seed_played":"-4940084632797544173","potions_obtained":[{"floor":1,"key":"SneckoOil"},{"floor":13,"key":"ColorlessPotion"},{"floor":14,"key":"SkillPotion"},{"floor":18,"key":"Regen Potion"},{"floor":20,"key":"LiquidBronze"},{"floor":25,"key":"PotionOfCapacity"},{"floor":29,"key":"Dexterity Potion"},{"floor":33,"key":"BlessingOfTheForge"},{"floor":40,"key":"GamblersBrew"},{"floor":42,"key":"LiquidMemories"},{"floor":44,"key":"PowerPotion"},{"floor":48,"key":"Block Potion"}],"is_trial":false,"path_per_floor":["M","M","$","?","M","R","E","R","T","M","M","R","E","M","R","B",null,"M","M","M","$","M","E","R","E","T","?","?","E","R","$","R","B",null,"M","M","$","?","?","E","R","E","T","E","$","T","M","M","R","B","B",null,"R","$","E","B",null],"character_chosen":"DEFECT","items_purchased":["Leap","ClockworkSouvenir","Sunder","Sunder","Aggregate","Orrery"],"campfire_rested":3,"item_purchase_floors":[3,21,21,31,45,54],"current_hp_per_floor":[57,50,50,39,39,39,39,39,39,39,39,39,39,39,39,25,60,56,50,55,55,55,55,71,71,71,71,51,44,66,66,66,66,74,74,67,67,62,52,52,52,52,52,52,52,52,52,52,52,36,26,64,76,76,76,76],"gold":58,"neow_bonus":"BOSS_RELIC","is_prod":false,"is_daily":false,"chose_seed":false,"campfire_upgraded":4,"win_rate":0,"timestamp":1648230722,"path_taken":["M","M","$","?","M","R","E","R","T","M","M","R","E","M","R","BOSS","M","M","M","$","M","E","R","E","T","?","?","E","R","?","R","BOSS","M","M","$","?","?","E","R","E","T","E","$","?","?","M","R","BOSS","BOSS","R","$","E","BOSS"],"build_version":"2022-03-07","purchased_purges":3,"victory":true,"max_hp_per_floor":[71,71,71,71,71,71,71,71,71,71,71,71,71,71,71,71,71,71,71,71,71,71,71,71,71,71,71,76,76,76,76,76,76,76,76,76,76,76,76,76,76,76,76,76,76,76,76,76,76,76,76,76,76,76,76,76],"relic_stats":{"Ice Cream":[99],"Gremlin Horn":[22,22],"counters":[29,99],"StoneCalendar":[121],"Pen Nib":[19],"PreservedInsect":77,"Letter Opener":[343],"Cursed Key":1,"Emotion Chip":[10,1,7,1,1],"Nunchaku":[9],"Shovel":2,"Bronze Scales":[242],"Pantograph":0,"Snecko Eye":[200,189,193,203,-288],"Kunai":[46],"obtain_stats":[{"Ice Cream":42,"Gremlin Horn":13,"StoneCalendar":9,"Pen Nib":26,"PreservedInsect":49,"Letter Opener":7,"Cursed Key":34,"ClockworkSouvenir":21,"Anchor":23,"Emotion Chip":38,"Nunchaku":44,"Shovel":40,"Bronze Scales":25,"Pantograph":55,"Snecko Eye":0,"Orrery":54,"Fusion Hammer":17,"Kunai":29,"Cracked Core":0,"InkBottle":41},{"Ice Cream":22,"Gremlin Horn":7,"StoneCalendar":4,"Pen Nib":15,"PreservedInsect":25,"Letter Opener":4,"Cursed Key":17,"ClockworkSouvenir":12,"Anchor":14,"Emotion Chip":20,"Nunchaku":23,"Shovel":21,"Bronze Scales":15,"Pantograph":28,"Snecko Eye":0,"Orrery":27,"Fusion Hammer":9,"Kunai":16,"Cracked Core":0,"InkBottle":21},{"Ice Cream":68,"Gremlin Horn":16,"StoneCalendar":11,"Pen Nib":43,"PreservedInsect":80,"Letter Opener":11,"Cursed Key":49,"ClockworkSouvenir":35,"Anchor":39,"Emotion Chip":61,"Nunchaku":72,"Shovel":66,"Bronze Scales":43,"Pantograph":92,"Snecko Eye":0,"Orrery":91,"Fusion Hammer":25,"Kunai":45,"Cracked Core":0,"InkBottle":66}],"InkBottle":[30]},"card_choices":[{"not_picked":["Melter","Coolheaded"],"picked":"Ball Lightning","floor":1},{"not_picked":["Compile Driver","Loop"],"picked":"Coolheaded","floor":2},{"not_picked":["Stack","Melter"],"picked":"Cold Snap","floor":5},{"not_picked":["Undo","Recycle"],"picked":"Hyperbeam","floor":7},{"not_picked":["Lockon","Storm","Gash"],"picked":"SKIP","floor":11},{"not_picked":["Beam Cell","Lockon"],"picked":"Doom and Gloom","floor":13},{"not_picked":["Go for the Eyes","Sweeping Beam","Conserve Battery"],"picked":"SKIP","floor":14},{"not_picked":["Go for the Eyes","Sweeping Beam","Conserve Battery"],"picked":"SKIP","floor":14},{"not_picked":["Thunder Strike","Seek"],"picked":"All For One","floor":16},{"not_picked":["Lockon","Cold Snap+1"],"picked":"Recycle+1","floor":18},{"not_picked":["Fusion","Cold Snap"],"picked":"Hologram+1","floor":19},{"not_picked":["Barrage","Steam+1","Melter"],"picked":"SKIP","floor":20},{"not_picked":["Barrage","Blizzard"],"picked":"Go for the Eyes+1","floor":22},{"not_picked":["Stack","Coolheaded","Steam Power"],"picked":"SKIP","floor":23},{"not_picked":["Barrage","Blizzard"],"picked":"Genetic Algorithm","floor":25},{"not_picked":["Loop","Consume","Sweeping Beam"],"picked":"SKIP","floor":29},{"not_picked":["Core Surge","Creative AI"],"picked":"Machine Learning","floor":33},{"not_picked":["Conserve Battery","Self Repair","Redo"],"picked":"SKIP","floor":35},{"not_picked":["Streamline","Coolheaded"],"picked":"Chaos+1","floor":36},{"not_picked":["Conserve Battery","Fusion"],"picked":"Core Surge","floor":38},{"not_picked":["PanicButton","Flash of Steel"],"picked":"Apotheosis","floor":39},{"not_picked":["Dramatic Entrance","Enlightenment"],"picked":"Master of Strategy","floor":39},{"not_picked":["Static Discharge","Beam Cell","Steam"],"picked":"SKIP","floor":40},{"not_picked":["Rip and Tear","Ball Lightning"],"picked":"Hologram+1","floor":42},{"not_picked":["Leap","Doom and Gloom","Compile Driver"],"picked":"SKIP","floor":44},{"not_picked":["Lockon","Redo+1","Steam"],"picked":"SKIP","floor":47},{"not_picked":["Aggregate+1","Steam","BootSequence"],"picked":"SKIP","floor":48},{"not_picked":["Aggregate+1","Steam","BootSequence"],"picked":"SKIP","floor":48},{"not_picked":["Static Discharge","Turbo"],"picked":"Skim","floor":54},{"not_picked":["Glacier","Leap"],"picked":"Hologram","floor":54},{"not_picked":["Compile Driver","Gash"],"picked":"Buffer","floor":54},{"not_picked":["Stack","Chaos"],"picked":"Reprogram","floor":55}],"player_experience":6548782,"relics_obtained":[{"floor":7,"key":"Letter Opener"},{"floor":9,"key":"StoneCalendar"},{"floor":13,"key":"Gremlin Horn"},{"floor":23,"key":"Anchor"},{"floor":25,"key":"Bronze Scales"},{"floor":26,"key":"Pen Nib"},{"floor":29,"key":"Kunai"},{"floor":38,"key":"Emotion Chip"},{"floor":40,"key":"Shovel"},{"floor":41,"key":"InkBottle"},{"floor":42,"key":"Ice Cream"},{"floor":44,"key":"Nunchaku"},{"floor":49,"key":"PreservedInsect"},{"floor":55,"key":"Pantograph"}],"event_choices":[{"damage_healed":0,"gold_gain":75,"player_choice":"Gather Gold","damage_taken":11,"max_hp_gain":0,"max_hp_loss":0,"event_name":"World of Goop","floor":4,"gold_loss":0},{"damage_healed":0,"gold_gain":0,"player_choice":"Ignored","damage_taken":0,"max_hp_gain":0,"max_hp_loss":0,"event_name":"Vampires","floor":27,"gold_loss":0},{"damage_healed":0,"gold_gain":0,"player_choice":"Shed Blood","damage_taken":25,"max_hp_gain":5,"max_hp_loss":0,"event_name":"Forgotten Altar","floor":28,"gold_loss":0},{"damage_healed":0,"gold_gain":0,"player_choice":"Fight","damage_taken":0,"max_hp_gain":0,"max_hp_loss":0,"event_name":"MindBloom","floor":38,"gold_loss":0},{"damage_healed":0,"gold_gain":0,"player_choice":"Memory 3","damage_taken":10,"max_hp_gain":0,"max_hp_loss":0,"event_name":"SensoryStone","floor":39,"gold_loss":0}],"is_beta":false,"boss_relics":[{"not_picked":["Runic Dome","SacredBark"],"picked":"Fusion Hammer"},{"not_picked":["Tiny House","Philosopher\u0027s Stone"],"picked":"Cursed Key"}],"items_purged_floors":[3,21,45],"is_endless":false,"potions_floor_spawned":[1,13,14,18,20,25,29,33,40,42,44,48],"ascension_level":20}