{"gold_per_floor":[115,130,145,110,123,123,152,165,165,165,196,211,221,221],"floor_reached":14,"playtime":1787,"items_purged":[],"score":188,"play_id":"967923be-ebea-4cd3-82e6-afbb8bd9d96a","local_time":"20220406145846","is_ascension_mode":true,"campfire_choices":[{"data":"Streamline","floor":6,"key":"SMITH"},{"floor":10,"key":"REST"}],"neow_cost":"NONE","seed_source_timestamp":96100553928900,"circlet_count":0,"master_deck":["AscendersBane","Strike_B","Strike_B","Strike_B","Strike_B","Defend_B","Defend_B","Defend_B","Defend_B","Zap","Dualcast","Scrape","Streamline+1","Stack","Cold Snap","Hologram","Leap","Cold Snap"],"relics":["Cracked Core","Nunchaku","Odd Mushroom","Omamori"],"potions_floor_usage":[7,11,13],"damage_taken":[{"damage":6,"enemies":"Jaw Worm","floor":1,"turns":4},{"damage":9,"enemies":"2 Louse","floor":2,"turns":3},{"damage":12,"enemies":"Small Slimes","floor":3,"turns":2},{"damage":3,"enemies":"3 Louse","floor":5,"turns":3},{"damage":1,"enemies":"The Mushroom Lair","floor":7,"turns":4},{"damage":28,"enemies":"Lots of Slimes","floor":8,"turns":5},{"damage":23,"enemies":"Gremlin Nob","floor":11,"turns":4},{"damage":8,"enemies":"Blue Slaver","floor":12,"turns":2},{"damage":8,"enemies":"Exordium Wildlife","floor":13,"turns":7},{"damage":10,"enemies":"3 Louse","floor":14,"turns":2}],"seed_played":"4901017221810118188","potions_obtained":[{"floor":3,"key":"Block Potion"},{"floor":5,"key":"SteroidPotion"},{"floor":12,"key":"Dexterity Potion"}],"is_trial":false,"path_per_floor":["M","M","M","?","M","R","?","M","T","R","E","M","M","M"],"character_chosen":"DEFECT","items_purchased":[],"campfire_rested":1,"item_purchase_floors":[],"current_hp_per_floor":[58,49,37,54,51,51,50,22,22,43,20,12,4,0],"gold":221,"neow_bonus":"RANDOM_COMMON_RELIC","is_prod":false,"is_daily":false,"chose_seed":false,"campfire_upgraded":1,"win_rate":0,"timestamp":1649271526,"path_taken":["M","M","M","?","M","R","?","M","T","R","E","?","M","M"],"build_version":"2022-03-07","purchased_purges":0,"victory":false,"max_hp_per_floor":[71,71,71,71,71,71,71,71,71,71,71,71,71,71],"relic_stats":{"Nunchaku":[5],"counters":[10,36],"Omamori":0,"obtain_stats":[{"Nunchaku":0,"Omamori":11,"Odd Mushroom":7,"Cracked Core":0},{"Nunchaku":0,"Omamori":7,"Odd Mushroom":5,"Cracked Core":0},{"Nunchaku":0,"Omamori":25,"Odd Mushroom":16,"Cracked Core":0}]},"card_choices":[{"not_picked":["Redo","Consume"],"picked":"Scrape","floor":1},{"not_picked":["Coolheaded","Turbo"],"picked":"Streamline","floor":2},{"not_picked":["Sweeping Beam","Melter"],"picked":"Stack","floor":3},{"not_picked":["Turbo","Loop","Genetic Algorithm"],"picked":"SKIP","floor":5},{"not_picked":["Stack","Storm"],"picked":"Cold Snap","floor":7},{"not_picked":["Steam","Stack","Recycle"],"picked":"SKIP","floor":8},{"not_picked":["Glacier","Thunder Strike"],"picked":"Hologram","floor":11},{"not_picked":["Barrage","Stack"],"picked":"Leap","floor":12},{"not_picked":["Sweeping Beam","Meteor Strike"],"picked":"Cold Snap","floor":13}],"player_experience":6599729,"relics_obtained":[{"floor":7,"key":"Odd Mushroom"},{"floor":11,"key":"Omamori"}],"event_choices":[{"damage_healed":17,"gold_gain":0,"player_choice":"Healed","damage_taken":0,"max_hp_gain":0,"max_hp_loss":0,"event_name":"The Cleric","floor":4,"gold_loss":35},{"damage_healed":0,"gold_gain":0,"player_choice":"Fought Mushrooms","damage_taken":0,"max_hp_gain":0,"max_hp_loss":0,"event_name":"Mushrooms","floor":7,"gold_loss":0}],"is_beta":false,"boss_relics":[],"items_purged_floors":[],"is_endless":false,"potions_floor_spawned":[3,5,12],"killed_by":"3 Louse","ascension_level":20}