{"gold_per_floor":[115,126,11,11,86,86,117,136,162,162,189,226,248,56,56,141,141,153,181,181,202,44,44,44,64,64,77,77,77,77,105,105,188,233,253,253,48,59,93,93,116,142,189,189,211,211,231,252,252,252,252,252,252,49,85,85],"floor_reached":57,"playtime":4975,"items_purged":["Strike_B","Strike_B","Thunder Strike"],"score":2682,"play_id":"6475ffb9-c684-4c19-b42c-6eb92cf705cd","local_time":"20220406162311","is_ascension_mode":true,"campfire_choices":[{"data":"Dualcast","floor":6,"key":"SMITH"},{"data":"Biased Cognition","floor":10,"key":"SMITH"},{"data":"Defragment","floor":15,"key":"SMITH"},{"data":"Self Repair","floor":23,"key":"SMITH"},{"data":"Blizzard","floor":28,"key":"SMITH"},{"floor":32,"key":"RECALL"},{"data":"Capacitor","floor":40,"key":"SMITH"},{"data":"Amplify","floor":44,"key":"SMITH"},{"data":"Creative AI","floor":46,"key":"SMITH"},{"data":"Steam Power","floor":49,"key":"SMITH"},{"data":"Blizzard","floor":53,"key":"SMITH"}],"neow_cost":"NONE","seed_source_timestamp":97951278009300,"circlet_count":0,"master_deck":["AscendersBane","Zap","Dualcast+1","Glacier","Ball Lightning","Genetic Algorithm","Blizzard+1","Biased Cognition+1","Hello World","Capacitor+1","Self Repair+1","Cold Snap","Defragment+1","Ball Lightning","Core Surge","Glacier","Consume+1","Biased Cognition+1","Cold Snap","Genetic Algorithm+1","Creative AI+1","Beam Cell","Blizzard+1","Amplify+1","Meteor Strike","Coolheaded","Capacitor+1","Coolheaded+1","Tempest+1","Core Surge","Steam Power+1","Steam Power+1","Skim","Hologram","Hologram"],"relics":["Cracked Core","NeowsBlessing","Anchor","CeramicFish","Turnip","Philosopher\u0027s Stone","Mummified Hand","Nloth\u0027s Gift","Pandora\u0027s Box","Bag of Preparation","Ice Cream","Incense Burner"],"potions_floor_usage":[12,12,25,55,56],"damage_taken":[{"damage":0,"enemies":"Cultist","floor":1,"turns":1},{"damage":0,"enemies":"2 Louse","floor":2,"turns":1},{"damage":0,"enemies":"Lagavulin","floor":7,"turns":1},{"damage":0,"enemies":"Jaw Worm","floor":8,"turns":2},{"damage":2,"enemies":"2 Fungi Beasts","floor":11,"turns":3},{"damage":16,"enemies":"3 Sentries","floor":12,"turns":7},{"damage":12,"enemies":"Gremlin Gang","floor":13,"turns":5},{"damage":15,"enemies":"Slime Boss","floor":16,"turns":7},{"damage":8,"enemies":"2 Thieves","floor":18,"turns":4},{"damage":0,"enemies":"Chosen","floor":19,"turns":3},{"damage":7,"enemies":"Snake Plant","floor":21,"turns":4},{"damage":0,"enemies":"Centurion and Healer","floor":25,"turns":4},{"damage":8,"enemies":"Snecko","floor":27,"turns":5},{"damage":10,"enemies":"Snake Plant","floor":31,"turns":5},{"damage":10,"enemies":"Collector","floor":33,"turns":9},{"damage":0,"enemies":"Orb Walker","floor":35,"turns":3},{"damage":0,"enemies":"3 Darklings","floor":38,"turns":6},{"damage":0,"enemies":"Mind Bloom Boss Battle","floor":39,"turns":4},{"damage":0,"enemies":"Maw","floor":41,"turns":6},{"damage":0,"enemies":"Spire Growth","floor":42,"turns":5},{"damage":33,"enemies":"3 Darklings","floor":45,"turns":7},{"damage":6,"enemies":"Jaw Worm Horde","floor":47,"turns":8},{"damage":0,"enemies":"Spire Growth","floor":48,"turns":5},{"damage":0,"enemies":"Awakened One","floor":50,"turns":15},{"damage":14,"enemies":"Donu and Deca","floor":51,"turns":9},{"damage":43,"enemies":"Shield and Spear","floor":55,"turns":5},{"damage":29,"enemies":"The Heart","floor":56,"turns":10}],"seed_played":"-6202152872331925413","potions_obtained":[{"floor":1,"key":"Swift Potion"},{"floor":8,"key":"ColorlessPotion"},{"floor":13,"key":"Block Potion"},{"floor":16,"key":"FearPotion"},{"floor":18,"key":"Fire Potion"},{"floor":19,"key":"FocusPotion"},{"floor":33,"key":"Energy Potion"},{"floor":45,"key":"PowerPotion"},{"floor":47,"key":"Ancient Potion"}],"is_trial":false,"path_per_floor":["M","M","$","?","?","R","E","M","T","R","M","E","M","$","R","B",null,"M","M","?","M","$","R","?","M","T","M","R","?","?","M","R","B",null,"M","?","$","M","?","R","M","M","T","R","M","R","M","M","R","B","B",null,"R","$","E","B",null],"character_chosen":"DEFECT","items_purchased":["Genetic Algorithm","Defragment","Ball Lightning","DollysMirror","Bag of Preparation","Coolheaded","Skim","Hologram"],"campfire_rested":0,"item_purchase_floors":[3,14,14,22,37,37,54,54],"current_hp_per_floor":[64,64,64,64,53,53,53,53,53,53,51,35,30,30,30,22,59,58,65,45,45,45,45,45,55,55,57,57,57,57,57,57,57,71,71,71,71,76,76,76,76,76,76,76,53,53,67,76,76,76,76,76,76,76,43,24],"gold":85,"neow_bonus":"THREE_ENEMY_KILL","is_prod":false,"is_daily":false,"chose_seed":false,"campfire_upgraded":10,"win_rate":0,"timestamp":1649276591,"path_taken":["M","M","$","?","?","R","E","M","T","R","M","E","M","?","R","BOSS","M","M","?","M","$","R","?","?","T","M","R","?","?","M","R","BOSS","M","?","$","M","?","R","M","M","T","R","M","R","M","M","R","BOSS","BOSS","R","$","E","BOSS"],"build_version":"2022-03-07","purchased_purges":3,"victory":true,"max_hp_per_floor":[71,71,71,71,71,71,71,71,71,71,71,71,71,71,71,71,71,71,71,76,76,76,76,76,76,76,76,76,76,76,76,76,76,76,76,76,76,76,76,76,76,76,76,76,76,76,76,76,76,76,76,76,76,76,76,76],"relic_stats":{"Ice Cream":[259],"counters":[27,144],"Mummified Hand":[212],"CeramicFish":243,"Pandora\u0027s Box":["Beam Cell","Thunder Strike","Blizzard","Amplify","Meteor Strike"],"Turnip":[24],"Nloth\u0027s Gift":2,"Bag of Preparation":[22],"obtain_stats":[{"Ice Cream":39,"NeowsBlessing":0,"CeramicFish":9,"Bag of Preparation":37,"Incense Burner":55,"Anchor":7,"DollysMirror":22,"Mummified Hand":26,"Philosopher\u0027s Stone":17,"Pandora\u0027s Box":34,"Turnip":12,"Nloth\u0027s Gift":30,"Cracked Core":0},{"Ice Cream":18,"NeowsBlessing":0,"CeramicFish":4,"Bag of Preparation":16,"Incense Burner":26,"Anchor":3,"DollysMirror":11,"Mummified Hand":12,"Philosopher\u0027s Stone":8,"Pandora\u0027s Box":15,"Turnip":6,"Nloth\u0027s Gift":13,"Cracked Core":0},{"Ice Cream":74,"NeowsBlessing":0,"CeramicFish":5,"Bag of Preparation":64,"Incense Burner":134,"Anchor":3,"DollysMirror":38,"Mummified Hand":42,"Philosopher\u0027s Stone":27,"Pandora\u0027s Box":61,"Turnip":15,"Nloth\u0027s Gift":47,"Cracked Core":0}]},"card_choices":[{"not_picked":["BootSequence","Recycle"],"picked":"Glacier","floor":1},{"not_picked":["Beam Cell","Turbo"],"picked":"Ball Lightning","floor":2},{"not_picked":["Turbo","Sweeping Beam"],"picked":"Biased Cognition","floor":7},{"not_picked":["Auto Shields","Steam Power"],"picked":"Hello World","floor":8},{"not_picked":["Compile Driver","Hologram"],"picked":"Capacitor","floor":11},{"not_picked":["Tempest","Recycle"],"picked":"Self Repair","floor":12},{"not_picked":["Tempest","Gash"],"picked":"Cold Snap","floor":13},{"not_picked":["Meteor Strike","Buffer"],"picked":"Core Surge","floor":16},{"not_picked":["Go for the Eyes","Streamline","Stack"],"picked":"SKIP","floor":18},{"not_picked":["Steam","Double Energy"],"picked":"Glacier","floor":19},{"not_picked":["Static Discharge","Storm"],"picked":"Consume+1","floor":21},{"not_picked":["Compile Driver","Stack"],"picked":"Cold Snap","floor":25},{"not_picked":["Turbo","Steam"],"picked":"Genetic Algorithm+1","floor":31},{"not_picked":["Hyperbeam","Meteor Strike"],"picked":"Creative AI","floor":33},{"not_picked":["Beam Cell","Static Discharge"],"picked":"Capacitor","floor":39},{"not_picked":["Barrage","Go for the Eyes"],"picked":"Coolheaded+1","floor":41},{"not_picked":["Turbo","Stack"],"picked":"Tempest+1","floor":42},{"not_picked":["Stack+1","Coolheaded"],"picked":"Core Surge","floor":45},{"not_picked":["Gash","Sweeping Beam"],"picked":"Steam Power","floor":47},{"not_picked":["FTL+1","Rebound"],"picked":"Steam Power+1","floor":48},{"not_picked":["Capacitor","Reboot"],"picked":"Hologram","floor":55}],"player_experience":6601516,"relics_obtained":[{"floor":7,"key":"Anchor"},{"floor":9,"key":"CeramicFish"},{"floor":12,"key":"Turnip"},{"floor":26,"key":"Mummified Hand"},{"floor":39,"key":"Ice Cream"},{"floor":55,"key":"Incense Burner"}],"event_choices":[{"damage_healed":0,"gold_gain":0,"cards_transformed":["Defend_B"],"player_choice":"Change","damage_taken":0,"max_hp_gain":0,"max_hp_loss":0,"event_name":"Living Wall","floor":4,"gold_loss":0,"cards_obtained":["Blizzard"]},{"damage_healed":0,"gold_gain":75,"player_choice":"Gather Gold","damage_taken":11,"max_hp_gain":0,"max_hp_loss":0,"event_name":"World of Goop","floor":5,"gold_loss":0},{"damage_healed":0,"gold_gain":0,"player_choice":"Shed Blood","damage_taken":25,"max_hp_gain":5,"max_hp_loss":0,"event_name":"Forgotten Altar","floor":20,"gold_loss":0},{"damage_healed":0,"gold_gain":0,"player_choice":"Forge","damage_taken":0,"max_hp_gain":0,"max_hp_loss":0,"event_name":"Accursed Blacksmith","floor":24,"gold_loss":0,"cards_upgraded":["Capacitor"]},{"damage_healed":0,"gold_gain":0,"player_choice":"Ignored","damage_taken":0,"max_hp_gain":0,"max_hp_loss":0,"event_name":"Ghosts","floor":29,"gold_loss":0},{"damage_healed":0,"gold_gain":0,"player_choice":"Traded Relic","damage_taken":0,"relics_obtained":["Nloth\u0027s Gift"],"max_hp_gain":0,"max_hp_loss":0,"event_name":"N\u0027loth","floor":30,"relics_lost":["DollysMirror"],"gold_loss":0},{"damage_healed":0,"gold_gain":0,"player_choice":"Ignored","damage_taken":0,"max_hp_gain":0,"max_hp_loss":0,"event_name":"Mysterious Sphere","floor":36,"gold_loss":0},{"damage_healed":0,"gold_gain":0,"player_choice":"Fight","damage_taken":0,"max_hp_gain":0,"max_hp_loss":0,"event_name":"MindBloom","floor":39,"gold_loss":0}],"is_beta":false,"boss_relics":[{"not_picked":["Nuclear Battery","Tiny House"],"picked":"Philosopher\u0027s Stone"},{"not_picked":["Sozu","Empty Cage"],"picked":"Pandora\u0027s Box"}],"items_purged_floors":[3,14,54],"is_endless":false,"potions_floor_spawned":[1,8,13,16,18,19,21,33,38,45,47],"ascension_level":20}