{"gold_per_floor":[115,131,149,114,128,160,160,186,213,213,230,230,230,263,263,340,340,360,360,9,23,35,35,69,69,69,99,111,146,146,165,165,239,239,252,252,270,33,83,83,98,131,155,175,203,203,43,85,85,85,85,85,85,2,34,34],"floor_reached":57,"playtime":5723,"items_purged":[],"score":3461,"play_id":"ec0abbe2-048d-44c6-91c6-ea333255cd78","local_time":"20220413181255","is_ascension_mode":true,"campfire_choices":[{"data":"Sunder","floor":7,"key":"SMITH"},{"data":"Recycle","floor":10,"key":"SMITH"},{"data":"Beam Cell","floor":13,"key":"SMITH"},{"data":"Static Discharge","floor":15,"key":"SMITH"},{"data":"Seek","floor":23,"key":"SMITH"},{"data":"Turbo","floor":25,"key":"SMITH"},{"data":"Biased Cognition","floor":32,"key":"SMITH"},{"data":"Apotheosis","floor":40,"key":"SMITH"},{"floor":49,"key":"RECALL"},{"data":"Double Energy","floor":53,"key":"SMITH"}],"neow_cost":"NONE","seed_source_timestamp":708586883123900,"circlet_count":0,"master_deck":["AscendersBane","Zap","Dualcast+1","Machine Learning+1","Force Field+1","Sweeping Beam+1","Rebound","Sunder+1","Recycle+1","Beam Cell+1","Seek+1","White Noise","Glacier","Static Discharge+1","Biased Cognition+1","Cold Snap","Storm+1","Skim","Turbo+1","Heatsinks+1","Genetic Algorithm","Capacitor+1","Conserve Battery+1","Redo+1","Genetic Algorithm","Loop+1","Electrodynamics+1","Self Repair+1","Impatience","Apotheosis+1","Double Energy+1","Double Energy","Turbo+1","Heatsinks+1","Biased Cognition+1","Storm+1","Seek+1","Fission"],"relics":["Astrolabe","Meat on the Bone","Bag of Preparation","Toy Ornithopter","Empty Cage","Frozen Egg 2","Bottled Lightning","HornCleat","Pen Nib","Letter Opener","Black Star","Orrery","Happy Flower","Bottled Tornado","CeramicFish","Juzu Bracelet","War Paint","DollysMirror","Calipers","Pantograph","White Beast Statue","Ornamental Fan"],"potions_floor_usage":[8,16,33,56,56],"damage_taken":[{"damage":0,"enemies":"Small Slimes","floor":1,"turns":3},{"damage":7,"enemies":"Jaw Worm","floor":2,"turns":7},{"damage":1,"enemies":"Cultist","floor":3,"turns":5},{"damage":9,"enemies":"Blue Slaver","floor":5,"turns":9},{"damage":14,"enemies":"Lagavulin","floor":6,"turns":7},{"damage":15,"enemies":"3 Sentries","floor":8,"turns":5},{"damage":0,"enemies":"Looter","floor":11,"turns":1},{"damage":8,"enemies":"Gremlin Nob","floor":14,"turns":3},{"damage":13,"enemies":"Hexaghost","floor":16,"turns":7},{"damage":0,"enemies":"Spheric Guardian","floor":18,"turns":6},{"damage":6,"enemies":"3 Byrds","floor":21,"turns":5},{"damage":1,"enemies":"Cultist and Chosen","floor":22,"turns":6},{"damage":25,"enemies":"Book of Stabbing","floor":24,"turns":3},{"damage":1,"enemies":"Slavers","floor":27,"turns":2},{"damage":0,"enemies":"Sentry and Sphere","floor":28,"turns":3},{"damage":0,"enemies":"Gremlin Leader","floor":29,"turns":3},{"damage":0,"enemies":"Snake Plant","floor":31,"turns":3},{"damage":0,"enemies":"Collector","floor":33,"turns":5},{"damage":0,"enemies":"3 Darklings","floor":35,"turns":2},{"damage":0,"enemies":"Orb Walker","floor":37,"turns":3},{"damage":0,"enemies":"Sphere and 2 Shapes","floor":41,"turns":3},{"damage":0,"enemies":"Giant Head","floor":42,"turns":4},{"damage":0,"enemies":"4 Shapes","floor":44,"turns":1},{"damage":0,"enemies":"Nemesis","floor":45,"turns":1},{"damage":0,"enemies":"Reptomancer","floor":48,"turns":3},{"damage":0,"enemies":"Donu and Deca","floor":50,"turns":1},{"damage":0,"enemies":"Awakened One","floor":51,"turns":3},{"damage":0,"enemies":"Shield and Spear","floor":55,"turns":1},{"damage":16,"enemies":"The Heart","floor":56,"turns":5}],"seed_played":"-8925263625299444759","potions_obtained":[{"floor":3,"key":"Fire Potion"},{"floor":6,"key":"Strength Potion"},{"floor":8,"key":"Weak Potion"},{"floor":27,"key":"AttackPotion"},{"floor":28,"key":"Ancient Potion"},{"floor":31,"key":"Energy Potion"},{"floor":33,"key":"SpeedPotion"},{"floor":44,"key":"DistilledChaos"}],"is_trial":false,"path_per_floor":["M","M","M","?","M","E","R","E","T","R","M","?","R","E","R","B",null,"M","?","$","M","M","R","E","R","T","E","M","E","?","M","R","B",null,"M","?","M","$","?","R","M","E","T","M","E","?","$","E","R","B","B",null,"R","$","E","B",null],"character_chosen":"DEFECT","items_purchased":["Frozen Egg 2","Storm+1","Orrery","Heatsinks+1","DollysMirror","Ancient Potion"],"campfire_rested":0,"item_purchase_floors":[20,20,38,38,47,54],"current_hp_per_floor":[64,57,56,71,62,48,48,45,45,45,45,45,45,37,37,41,64,64,64,64,58,57,57,44,44,44,43,43,43,43,43,43,48,65,65,55,65,65,65,65,71,71,71,71,71,67,67,67,67,67,67,67,67,67,67,67],"gold":34,"neow_bonus":"BOSS_RELIC","is_prod":false,"is_daily":false,"chose_seed":false,"campfire_upgraded":9,"win_rate":0,"timestamp":1649887975,"path_taken":["M","M","M","?","M","E","R","E","T","R","M","?","R","E","R","BOSS","M","?","$","M","M","R","E","R","T","E","?","E","?","M","R","BOSS","M","?","M","$","?","R","?","E","T","M","E","?","?","E","R","BOSS","BOSS","R","$","E","BOSS"],"build_version":"2022-03-07","purchased_purges":0,"victory":true,"max_hp_per_floor":[71,71,71,71,71,71,71,71,71,71,71,71,71,71,71,71,71,71,71,71,71,71,71,71,71,71,71,71,71,71,71,71,71,71,71,71,71,71,71,71,71,71,71,71,71,67,67,67,67,67,67,67,67,67,67,67],"relic_stats":{"Calipers":[802],"Happy Flower":[5],"counters":[29,109],"Astrolabe":["Machine Learning","Force Field","Sweeping Beam"],"CeramicFish":27,"Pen Nib":[8],"Bag of Preparation":[46],"Juzu Bracelet":0,"Letter Opener":[448],"Bottled Tornado":"Heatsinks","War Paint":["Redo","Dualcast"],"White Beast Statue":[0.0,0.0,0.0,0.0,0.0,1.0,0.0,0.0,0.0,0.0,0.0,0.0],"Ornamental Fan":[16],"Pantograph":0,"Black Star":4,"Bottled Lightning":"Seek","obtain_stats":[{"Calipers":48,"Happy Flower":42,"Astrolabe":0,"CeramicFish":43,"Pen Nib":27,"Bag of Preparation":8,"Juzu Bracelet":45,"Letter Opener":29,"Frozen Egg 2":20,"Bottled Tornado":42,"War Paint":45,"Empty Cage":17,"White Beast Statue":55,"HornCleat":26,"DollysMirror":47,"Ornamental Fan":55,"Pantograph":48,"Orrery":38,"Black Star":34,"Bottled Lightning":24,"Cracked Core":0,"Toy Ornithopter":14,"Meat on the Bone":6},{"Calipers":25,"Happy Flower":22,"Astrolabe":0,"CeramicFish":22,"Pen Nib":14,"Bag of Preparation":6,"Juzu Bracelet":24,"Letter Opener":16,"Frozen Egg 2":10,"Bottled Tornado":22,"War Paint":24,"Empty Cage":9,"White Beast Statue":28,"HornCleat":13,"DollysMirror":24,"Ornamental Fan":28,"Pantograph":25,"Orrery":20,"Black Star":18,"Bottled Lightning":13,"Cracked Core":0,"Toy Ornithopter":8,"Meat on the Bone":5},{"Calipers":99,"Happy Flower":94,"Astrolabe":0,"CeramicFish":94,"Pen Nib":69,"Bag of Preparation":36,"Juzu Bracelet":96,"Letter Opener":75,"Frozen Egg 2":53,"Bottled Tornado":94,"War Paint":96,"Empty Cage":47,"White Beast Statue":104,"HornCleat":67,"DollysMirror":96,"Ornamental Fan":104,"Pantograph":99,"Orrery":87,"Black Star":82,"Bottled Lightning":67,"Cracked Core":0,"Toy Ornithopter":40,"Meat on the Bone":31}],"Toy Ornithopter":20,"Meat on the Bone":36},"card_choices":[{"not_picked":["Hologram","Heatsinks"],"picked":"Rebound","floor":1},{"not_picked":["Chaos","Cold Snap"],"picked":"Sunder","floor":2},{"not_picked":["Hologram","Rip and Tear"],"picked":"Recycle","floor":3},{"not_picked":["Barrage","Stack"],"picked":"Beam Cell","floor":5},{"not_picked":["Undo","Compile Driver"],"picked":"Seek","floor":6},{"not_picked":["Streamline","Auto Shields"],"picked":"White Noise","floor":8},{"not_picked":["Melter","Redo"],"picked":"Glacier","floor":11},{"not_picked":["Gash","Barrage"],"picked":"Static Discharge","floor":14},{"not_picked":["Seek","Electrodynamics"],"picked":"Biased Cognition","floor":16},{"not_picked":["Turbo","Lockon"],"picked":"Cold Snap","floor":18},{"not_picked":["Streamline","Reinforced Body"],"picked":"Skim","floor":21},{"not_picked":["Rebound+1","Streamline"],"picked":"Turbo","floor":22},{"not_picked":["Compile Driver","BootSequence"],"picked":"Heatsinks+1","floor":24},{"not_picked":["Cold Snap","Reboot"],"picked":"Genetic Algorithm","floor":27},{"not_picked":["Turbo+1","Stack"],"picked":"Capacitor+1","floor":28},{"not_picked":["Blizzard","Beam Cell"],"picked":"Conserve Battery+1","floor":29},{"not_picked":["Compile Driver+1","Skim"],"picked":"Loop+1","floor":31},{"not_picked":["Hyperbeam","Seek"],"picked":"Electrodynamics+1","floor":33},{"not_picked":["Stack","Melter+1"],"picked":"Self Repair+1","floor":35},{"not_picked":["Enlightenment","Jack Of All Trades"],"picked":"Impatience","floor":36},{"not_picked":["Forethought","Swift Strike"],"picked":"Apotheosis","floor":36},{"not_picked":["Darkness","Sunder"],"picked":"Double Energy","floor":37},{"not_picked":["Reboot","Gash"],"picked":"Double Energy","floor":38},{"not_picked":["Machine Learning+1","Stack"],"picked":"Turbo+1","floor":38},{"not_picked":["Ball Lightning","Barrage","Stack+1"],"picked":"SKIP","floor":41},{"not_picked":["Reinforced Body+1","Gash+1"],"picked":"Biased Cognition+1","floor":42},{"not_picked":["Sweeping Beam","Compile Driver"],"picked":"Storm+1","floor":44},{"not_picked":["Redo","Steam Power+1","Streamline"],"picked":"SKIP","floor":45},{"not_picked":["Skim+1","Ball Lightning+1"],"picked":"Fission","floor":48},{"not_picked":["Turbo","Redo","FTL"],"picked":"SKIP","floor":55}],"player_experience":6652664,"relics_obtained":[{"floor":6,"key":"Meat on the Bone"},{"floor":8,"key":"Bag of Preparation"},{"floor":14,"key":"Toy Ornithopter"},{"floor":24,"key":"Bottled Lightning"},{"floor":26,"key":"HornCleat"},{"floor":27,"key":"Pen Nib"},{"floor":29,"key":"Letter Opener"},{"floor":42,"key":"Happy Flower"},{"floor":42,"key":"Bottled Tornado"},{"floor":43,"key":"CeramicFish"},{"floor":45,"key":"Juzu Bracelet"},{"floor":45,"key":"War Paint"},{"floor":48,"key":"Calipers"},{"floor":48,"key":"Pantograph"},{"floor":55,"key":"White Beast Statue"},{"floor":55,"key":"Ornamental Fan"}],"event_choices":[{"damage_healed":17,"gold_gain":0,"player_choice":"Healed","damage_taken":0,"max_hp_gain":0,"max_hp_loss":0,"event_name":"The Cleric","floor":4,"gold_loss":35},{"damage_healed":0,"gold_gain":0,"player_choice":"Ignored","damage_taken":0,"max_hp_gain":0,"max_hp_loss":0,"event_name":"Liars Game","floor":12,"gold_loss":0},{"cards_removed":["Defend_B"],"damage_healed":0,"gold_gain":0,"player_choice":"Purged","damage_taken":0,"max_hp_gain":0,"max_hp_loss":0,"event_name":"Purifier","floor":19,"gold_loss":0},{"damage_healed":0,"gold_gain":0,"cards_transformed":["Defend_B","Defend_B"],"player_choice":"Became Test Subject","damage_taken":0,"max_hp_gain":0,"max_hp_loss":0,"event_name":"Drug Dealer","floor":30,"gold_loss":0,"cards_obtained":["Redo","Genetic Algorithm"]},{"damage_healed":0,"gold_gain":0,"player_choice":"Memory 3","damage_taken":10,"max_hp_gain":0,"max_hp_loss":0,"event_name":"SensoryStone","floor":36,"gold_loss":0},{"damage_healed":0,"gold_gain":50,"player_choice":"Pray","damage_taken":0,"max_hp_gain":0,"max_hp_loss":0,"event_name":"Golden Shrine","floor":39,"gold_loss":0},{"damage_healed":0,"gold_gain":0,"player_choice":"Max HP","damage_taken":0,"max_hp_gain":0,"max_hp_loss":4,"event_name":"Winding Halls","floor":46,"gold_loss":0}],"is_beta":false,"boss_relics":[{"not_picked":["Nuclear Battery","Inserter"],"picked":"Empty Cage"},{"not_picked":["Philosopher\u0027s Stone","Busted Crown"],"picked":"Black Star"}],"items_purged_floors":[],"is_endless":false,"potions_floor_spawned":[3,6,8,14,27,28,31,33,37,42,44],"ascension_level":20}