{"gold_per_floor":[119,132,132,147,72,72,82,107,107,124,124,157,157,189,189,261,261,281,43,73,73,85,116,116,116,140,173,202,234,254,287,287,361,361,373,373,388,71,87,117,131,159,159,190,218,29,29,46,46,46,46,46,46,21,50,50],"floor_reached":57,"playtime":5932,"items_purged":["Dualcast","Strike_B","Defend_B"],"score":3922,"play_id":"8dbc68a3-c8de-4ae9-aa0b-c0128cc870fa","local_time":"20220408181953","is_ascension_mode":true,"campfire_choices":[{"data":"Sunder","floor":6,"key":"SMITH"},{"data":"Zap","floor":11,"key":"SMITH"},{"data":"Go for the Eyes","floor":13,"key":"SMITH"},{"data":"Seek","floor":15,"key":"SMITH"},{"data":"Hologram","floor":24,"key":"SMITH"},{"floor":32,"key":"DIG"},{"floor":49,"key":"RECALL"},{"data":"Echo Form","floor":53,"key":"SMITH"}],"neow_cost":"NONE","seed_source_timestamp":276797228346200,"circlet_count":0,"master_deck":["AscendersBane","Defend_B","Defend_B","Zap+1","Hologram+1","Beam Cell","BootSequence","Sunder+1","Beam Cell","Go for the Eyes+1","Scrape","Undo","Seek+1","Echo Form+1","Gash","FTL","Ghostly+1","Ghostly+1","Ghostly+1","Steam+1","Hologram+1","Coolheaded+1","Turbo+1","Seek+1","Hologram+1","Gash","Meteor Strike","Steam Power+1","Echo Form","Steam Power+1","Master of Strategy+1","Double Energy+1","Hologram+1","Fission+1","Coolheaded+1"],"relics":["Cracked Core","NeowsBlessing","Kunai","Question Card","Art of War","Omamori","Calling Bell","Dream Catcher","Toxic Egg 2","Ice Cream","Lantern","Red Mask","WingedGreaves","Anchor","Shovel","Regal Pillow","Darkstone Periapt","StrikeDummy","Potion Belt","Runic Pyramid","Membership Card","MealTicket","Akabeko","Smiling Mask","PreservedInsect","Medical Kit","Happy Flower","Orichalcum"],"potions_floor_usage":[8,12,23,27,33,56,56,56,56],"damage_taken":[{"damage":0,"enemies":"Small Slimes","floor":1,"turns":1},{"damage":0,"enemies":"Cultist","floor":2,"turns":1},{"damage":0,"enemies":"2 Louse","floor":4,"turns":1},{"damage":1,"enemies":"Looter","floor":7,"turns":2},{"damage":6,"enemies":"Gremlin Nob","floor":8,"turns":3},{"damage":11,"enemies":"Exordium Thugs","floor":10,"turns":4},{"damage":9,"enemies":"Lagavulin","floor":12,"turns":6},{"damage":0,"enemies":"Gremlin Nob","floor":14,"turns":3},{"damage":3,"enemies":"Slime Boss","floor":16,"turns":6},{"damage":6,"enemies":"Spheric Guardian","floor":18,"turns":3},{"damage":5,"enemies":"Masked Bandits","floor":20,"turns":4},{"damage":0,"enemies":"2 Thieves","floor":22,"turns":3},{"damage":1,"enemies":"Book of Stabbing","floor":23,"turns":5},{"damage":0,"enemies":"Slavers","floor":27,"turns":4},{"damage":0,"enemies":"Gremlin Leader","floor":28,"turns":5},{"damage":0,"enemies":"Slavers","floor":29,"turns":5},{"damage":0,"enemies":"Snake Plant","floor":30,"turns":2},{"damage":0,"enemies":"Gremlin Leader","floor":31,"turns":5},{"damage":0,"enemies":"Automaton","floor":33,"turns":9},{"damage":0,"enemies":"3 Shapes","floor":35,"turns":3},{"damage":0,"enemies":"3 Darklings","floor":37,"turns":3},{"damage":0,"enemies":"Writhing Mass","floor":39,"turns":5},{"damage":0,"enemies":"Nemesis","floor":40,"turns":3},{"damage":0,"enemies":"Maw","floor":41,"turns":4},{"damage":0,"enemies":"Reptomancer","floor":42,"turns":3},{"damage":0,"enemies":"Nemesis","floor":44,"turns":5},{"damage":0,"enemies":"Reptomancer","floor":45,"turns":3},{"damage":0,"enemies":"Spire Growth","floor":48,"turns":2},{"damage":0,"enemies":"Donu and Deca","floor":50,"turns":5},{"damage":1,"enemies":"Time Eater","floor":51,"turns":7},{"damage":0,"enemies":"Shield and Spear","floor":55,"turns":4},{"damage":0,"enemies":"The Heart","floor":56,"turns":7}],"seed_played":"5000000022636730969","potions_obtained":[{"floor":2,"key":"GamblersBrew"},{"floor":4,"key":"Ancient Potion"},{"floor":7,"key":"BlessingOfTheForge"},{"floor":10,"key":"SpeedPotion"},{"floor":18,"key":"PowerPotion"},{"floor":23,"key":"PowerPotion"},{"floor":28,"key":"Block Potion"},{"floor":37,"key":"LiquidBronze"},{"floor":40,"key":"DuplicationPotion"},{"floor":41,"key":"SkillPotion"},{"floor":42,"key":"Energy Potion"},{"floor":48,"key":"DuplicationPotion"}],"is_trial":false,"path_per_floor":["M","M","?","M","?","R","M","E","T","M","R","E","R","E","R","B",null,"M","$","?","?","M","E","R","?","T","E","E","E","M","E","R","B",null,"M","?","M","$","M","E","M","E","T","E","E","$","?","M","R","B","B",null,"R","$","E","B",null],"character_chosen":"DEFECT","items_purchased":["Lantern","Membership Card","Master of Strategy+1","Medical Kit","EntropicBrew","Coolheaded+1"],"campfire_rested":0,"item_purchase_floors":[19,38,38,46,46,54],"current_hp_per_floor":[64,64,64,64,64,64,63,57,57,46,46,37,37,37,37,34,62,56,56,51,35,35,34,34,34,34,34,34,34,34,34,34,34,35,35,35,35,35,35,35,35,35,35,35,35,35,35,35,35,35,34,35,35,35,35,35],"gold":50,"neow_bonus":"THREE_ENEMY_KILL","is_prod":false,"is_daily":false,"chose_seed":false,"campfire_upgraded":6,"win_rate":0,"timestamp":1649456393,"path_taken":["M","M","?","?","?","R","M","E","T","M","R","E","R","E","R","BOSS","M","$","?","?","M","E","R","?","T","E","E","E","M","E","R","BOSS","M","?","M","?","M","E","M","E","T","E","E","$","?","M","R","BOSS","BOSS","R","$","E","BOSS"],"build_version":"2022-03-07","purchased_purges":3,"victory":true,"max_hp_per_floor":[71,71,71,71,71,71,71,71,71,71,71,71,71,71,71,71,71,71,71,71,35,35,35,35,35,35,35,35,35,35,35,35,35,35,35,35,35,35,35,35,35,35,35,35,35,35,35,35,35,35,35,35,35,35,35,35],"relic_stats":{"Ice Cream":[397],"Darkstone Periapt":0,"Regal Pillow":0,"Happy Flower":[8],"counters":[32,126],"PreservedInsect":77,"Omamori":1,"Orichalcum":[12],"Question Card":25,"Smiling Mask":13,"Medical Kit":[10],"Dream Catcher":0,"Shovel":1,"MealTicket":0,"WingedGreaves":3,"Art of War":[23],"Kunai":[96],"Membership Card":379,"obtain_stats":[{"Ice Cream":17,"Darkstone Periapt":29,"Lantern":19,"Regal Pillow":28,"Smiling Mask":44,"Dream Catcher":17,"Shovel":27,"MealTicket":40,"WingedGreaves":23,"Red Mask":20,"Kunai":8,"Toxic Egg 2":17,"Cracked Core":0,"Runic Pyramid":34,"Potion Belt":32,"NeowsBlessing":0,"Happy Flower":47,"PreservedInsect":45,"Omamori":14,"Orichalcum":55,"Question Card":9,"Medical Kit":46,"Akabeko":42,"Calling Bell":17,"Anchor":26,"Art of War":12,"Membership Card":38,"StrikeDummy":31},{"Ice Cream":9,"Darkstone Periapt":16,"Lantern":10,"Regal Pillow":15,"Smiling Mask":26,"Dream Catcher":9,"Shovel":14,"MealTicket":23,"WingedGreaves":13,"Red Mask":11,"Kunai":5,"Toxic Egg 2":9,"Cracked Core":0,"Runic Pyramid":19,"Potion Belt":18,"NeowsBlessing":0,"Happy Flower":27,"PreservedInsect":27,"Omamori":8,"Orichalcum":31,"Question Card":5,"Medical Kit":27,"Akabeko":25,"Calling Bell":9,"Anchor":13,"Art of War":7,"Membership Card":21,"StrikeDummy":18},{"Ice Cream":27,"Darkstone Periapt":56,"Lantern":30,"Regal Pillow":51,"Smiling Mask":98,"Dream Catcher":27,"Shovel":46,"MealTicket":86,"WingedGreaves":42,"Red Mask":34,"Kunai":8,"Toxic Egg 2":27,"Cracked Core":0,"Runic Pyramid":72,"Potion Belt":63,"NeowsBlessing":0,"Happy Flower":101,"PreservedInsect":101,"Omamori":21,"Orichalcum":119,"Question Card":8,"Medical Kit":101,"Akabeko":93,"Calling Bell":27,"Anchor":42,"Art of War":18,"Membership Card":78,"StrikeDummy":63}]},"card_choices":[{"not_picked":["Compile Driver","Skim"],"picked":"Hologram","floor":1},{"not_picked":["Sweeping Beam","Steam Power"],"picked":"Beam Cell","floor":2},{"not_picked":["Turbo","Beam Cell"],"picked":"Sunder","floor":4},{"not_picked":["Chill","Hello World"],"picked":"Beam Cell","floor":7},{"not_picked":["Loop","Capacitor"],"picked":"Go for the Eyes","floor":8},{"not_picked":["Rip and Tear","Beam Cell","Stack"],"picked":"Scrape","floor":10},{"not_picked":["Capacitor","Coolheaded","Beam Cell"],"picked":"Undo","floor":12},{"not_picked":["Fission","Rebound","Steam"],"picked":"Seek","floor":14},{"not_picked":["Multi-Cast","Rainbow","Reboot"],"picked":"Echo Form","floor":16},{"not_picked":["Redo+1","Sweeping Beam","Beam Cell"],"picked":"Gash","floor":18},{"not_picked":["Defragment","Sweeping Beam","Force Field+1"],"picked":"FTL","floor":20},{"not_picked":["Compile Driver","Ball Lightning","Conserve Battery+1"],"picked":"Steam+1","floor":22},{"not_picked":["Sweeping Beam","Auto Shields+1","Biased Cognition","Steam+1"],"picked":"SKIP","floor":23},{"not_picked":["Sweeping Beam","Auto Shields+1","Biased Cognition","Steam+1"],"picked":"SKIP","floor":23},{"not_picked":["Sweeping Beam","Auto Shields+1","Biased Cognition","Steam+1"],"picked":"SKIP","floor":23},{"not_picked":["Redo+1","Glacier+1","Self Repair"],"picked":"Turbo+1","floor":27},{"not_picked":["Streamline","Hologram+1","Blizzard"],"picked":"Seek+1","floor":28},{"not_picked":["Force Field+1","Biased Cognition","Conserve Battery+1","Capacitor"],"picked":"SKIP","floor":29},{"not_picked":["Auto Shields+1","Sunder","Consume+1"],"picked":"Hologram+1","floor":30},{"not_picked":["Barrage","Hello World","Force Field+1"],"picked":"Gash","floor":31},{"not_picked":["Hyperbeam","Core Surge","Fission+1"],"picked":"Meteor Strike","floor":33},{"not_picked":["Tempest+1","Ball Lightning","Scrape"],"picked":"Steam Power+1","floor":35},{"not_picked":["Conserve Battery+1","Consume+1","Barrage+1"],"picked":"Steam Power+1","floor":37},{"not_picked":["Conserve Battery+1","Redo+1","Core Surge"],"picked":"Double Energy+1","floor":39},{"not_picked":["Streamline","Coolheaded+1","Sweeping Beam"],"picked":"Hologram+1","floor":41},{"not_picked":["Force Field+1","Auto Shields+1","Chill+1"],"picked":"Fission+1","floor":42},{"not_picked":["Consume+1","Darkness+1","Auto Shields+1","Glacier+1"],"picked":"SKIP","floor":44},{"not_picked":["Beam Cell","Rebound","Chaos+1","Stack+1"],"picked":"SKIP","floor":45},{"not_picked":["Chill+1","Storm","Stack+1","Steam+1"],"picked":"SKIP","floor":55}],"player_experience":6629610,"relics_obtained":[{"floor":8,"key":"Kunai"},{"floor":9,"key":"Question Card"},{"floor":12,"key":"Art of War"},{"floor":14,"key":"Omamori"},{"floor":17,"key":"Dream Catcher"},{"floor":17,"key":"Toxic Egg 2"},{"floor":17,"key":"Ice Cream"},{"floor":20,"key":"Red Mask"},{"floor":23,"key":"WingedGreaves"},{"floor":26,"key":"Anchor"},{"floor":27,"key":"Shovel"},{"floor":28,"key":"Regal Pillow"},{"floor":29,"key":"Darkstone Periapt"},{"floor":31,"key":"StrikeDummy"},{"floor":32,"key":"Potion Belt"},{"floor":40,"key":"MealTicket"},{"floor":42,"key":"Akabeko"},{"floor":44,"key":"Smiling Mask"},{"floor":45,"key":"PreservedInsect"},{"floor":55,"key":"Orichalcum"}],"event_choices":[{"damage_healed":0,"gold_gain":0,"cards_transformed":["Strike_B"],"player_choice":"Transformed","damage_taken":0,"max_hp_gain":0,"max_hp_loss":0,"event_name":"Transmorgrifier","floor":3,"gold_loss":0,"cards_obtained":["BootSequence"]},{"cards_removed":["Defend_B"],"damage_healed":0,"gold_gain":0,"player_choice":"Card Removal","damage_taken":0,"max_hp_gain":0,"max_hp_loss":0,"event_name":"The Cleric","floor":5,"gold_loss":75},{"damage_healed":0,"gold_gain":0,"player_choice":"Fought Bandits","damage_taken":0,"max_hp_gain":0,"max_hp_loss":0,"event_name":"Masked Bandits","floor":20,"gold_loss":0},{"damage_healed":0,"gold_gain":0,"player_choice":"Became a Ghost","damage_taken":0,"max_hp_gain":0,"max_hp_loss":36,"event_name":"Ghosts","floor":21,"gold_loss":0,"cards_obtained":["Ghostly","Ghostly","Ghostly"]},{"damage_healed":0,"gold_gain":0,"cards_transformed":["Strike_B","Strike_B"],"player_choice":"Became Test Subject","damage_taken":0,"max_hp_gain":0,"max_hp_loss":0,"event_name":"Drug Dealer","floor":25,"gold_loss":0,"cards_obtained":["Hologram","Coolheaded"]},{"damage_healed":0,"gold_gain":0,"player_choice":"Copied","damage_taken":0,"max_hp_gain":0,"max_hp_loss":0,"event_name":"Duplicator","floor":36,"gold_loss":0,"cards_obtained":["Echo Form"]},{"damage_healed":0,"gold_gain":0,"player_choice":"Gave Potion","damage_taken":0,"relics_obtained":["Happy Flower"],"max_hp_gain":0,"max_hp_loss":0,"event_name":"WeMeetAgain","floor":47,"gold_loss":0}],"is_beta":false,"boss_relics":[{"not_picked":["Runic Dome","Philosopher\u0027s Stone"],"picked":"Calling Bell"},{"not_picked":["SacredBark","Astrolabe"],"picked":"Runic Pyramid"}],"items_purged_floors":[19,38,46],"is_endless":false,"potions_floor_spawned":[2,4,7,10,18,23,28,37,40,41,42,48],"ascension_level":20}