{"gold_per_floor":[12,26,39,58,23,23,40,68,68,99,99,133,144,19,19,95,95,115,115,15,30,45,45,75,95,140,140,140,155,155,188,188,260,260,270,287,287,1286,489,489,517,534,559,573,583,597,38,68,68,68,68,68,68,22,52,52],"floor_reached":56,"playtime":6867,"items_purged":["Strike_B","Strike_B","Normality","Normality"],"score":2213,"play_id":"17b8f665-df0d-40fa-93df-18d5295801e3","local_time":"20220419192319","is_ascension_mode":true,"campfire_choices":[{"data":"Zap","floor":6,"key":"SMITH"},{"data":"Sweeping Beam","floor":11,"key":"SMITH"},{"data":"Beam Cell","floor":15,"key":"SMITH"},{"data":"Doom and Gloom","floor":23,"key":"SMITH"},{"data":"Dualcast","floor":27,"key":"SMITH"},{"floor":32,"key":"REST"},{"data":"Buffer","floor":40,"key":"SMITH"},{"floor":49,"key":"RECALL"},{"data":"Recycle","floor":53,"key":"SMITH"}],"neow_cost":"NO_GOLD","seed_source_timestamp":1230065601846300,"circlet_count":0,"master_deck":["AscendersBane","Defend_B","Defend_B","Defend_B","Zap+1","Dualcast+1","Ball Lightning","Barrage","Lockon","Compile Driver","BootSequence","Sweeping Beam+1","Doom and Gloom+1","Beam Cell+1","Core Surge","Sunder+1","Undo","Ball Lightning","Consume+1","Coolheaded","Buffer+1","CurseOfTheBell","Turbo","Coolheaded","Hologram+1","Redo","Recycle+1","Capacitor","Capacitor","Cold Snap","Recycle"],"relics":["Cracked Core","StoneCalendar","MealTicket","Akabeko","Question Card","Nuclear Battery","DataDisk","Strawberry","Thread and Needle","Calling Bell","Bag of Preparation","The Courier","Pocketwatch","Toolbox","Bronze Scales","Bottled Tornado","Bag of Marbles","Meat on the Bone","Incense Burner","Darkstone Periapt","Ginger"],"potions_floor_usage":[8,10,16,24,33,33,33,41,45,50,56,56,56,56],"damage_taken":[{"damage":0,"enemies":"Cultist","floor":1,"turns":3},{"damage":2,"enemies":"Jaw Worm","floor":2,"turns":3},{"damage":0,"enemies":"2 Louse","floor":3,"turns":3},{"damage":2,"enemies":"Looter","floor":4,"turns":3},{"damage":9,"enemies":"Exordium Thugs","floor":7,"turns":3},{"damage":11,"enemies":"Gremlin Nob","floor":8,"turns":3},{"damage":5,"enemies":"Lagavulin","floor":10,"turns":6},{"damage":20,"enemies":"3 Sentries","floor":12,"turns":6},{"damage":0,"enemies":"Large Slime","floor":13,"turns":4},{"damage":0,"enemies":"Slime Boss","floor":16,"turns":4},{"damage":4,"enemies":"3 Byrds","floor":18,"turns":3},{"damage":6,"enemies":"Spheric Guardian","floor":21,"turns":3},{"damage":8,"enemies":"Centurion and Healer","floor":22,"turns":4},{"damage":0,"enemies":"Book of Stabbing","floor":24,"turns":3},{"damage":20,"enemies":"Snake Plant","floor":25,"turns":3},{"damage":0,"enemies":"Chosen and Byrds","floor":29,"turns":3},{"damage":17,"enemies":"Gremlin Leader","floor":31,"turns":6},{"damage":45,"enemies":"Automaton","floor":33,"turns":8},{"damage":0,"enemies":"Orb Walker","floor":35,"turns":3},{"damage":0,"enemies":"3 Shapes","floor":36,"turns":4},{"damage":0,"enemies":"Reptomancer","floor":41,"turns":5},{"damage":0,"enemies":"Writhing Mass","floor":42,"turns":7},{"damage":0,"enemies":"Sphere and 2 Shapes","floor":44,"turns":1},{"damage":0,"enemies":"3 Darklings","floor":45,"turns":4},{"damage":0,"enemies":"Transient","floor":46,"turns":6},{"damage":0,"enemies":"Nemesis","floor":48,"turns":5},{"damage":46,"enemies":"Donu and Deca","floor":50,"turns":33},{"damage":42,"enemies":"Awakened One","floor":51,"turns":26},{"damage":30,"enemies":"Shield and Spear","floor":55,"turns":7},{"damage":49,"enemies":"The Heart","floor":56,"turns":11}],"seed_played":"3009899387045532794","potions_obtained":[{"floor":7,"key":"CultistPotion"},{"floor":8,"key":"Weak Potion"},{"floor":10,"key":"SteroidPotion"},{"floor":12,"key":"Dexterity Potion"},{"floor":13,"key":"FocusPotion"},{"floor":16,"key":"PotionOfCapacity"},{"floor":24,"key":"EssenceOfDarkness"},{"floor":29,"key":"EntropicBrew"},{"floor":35,"key":"Fire Potion"},{"floor":42,"key":"EntropicBrew"},{"floor":45,"key":"DistilledChaos"}],"is_trial":false,"path_per_floor":["M","M","M","M","?","R","M","E","T","E","R","E","M","$","R","B",null,"M","?","$","M","M","R","E","M","T","R","?","M","?","E","R","B",null,"M","M","?","?","$","R","E","M","T","M","M","M","$","E","R","B","B",null,"R","$","E","B"],"character_chosen":"DEFECT","items_purchased":["Beam Cell","Toolbox","Bronze Scales","Bottled Tornado","Bag of Marbles","Coolheaded","GamblersBrew","Capacitor","Capacitor","Incense Burner","Cold Snap","FocusPotion"],"campfire_rested":1,"item_purchase_floors":[14,39,39,39,39,39,39,47,47,47,47,54],"current_hp_per_floor":[64,62,62,60,71,71,62,51,51,46,46,26,26,41,41,41,64,60,60,71,65,57,57,57,37,44,44,44,44,44,27,50,5,60,60,60,60,60,75,75,75,75,75,75,75,75,78,78,78,44,14,62,62,77,47,0],"gold":52,"neow_bonus":"REMOVE_TWO","is_prod":false,"is_daily":false,"chose_seed":false,"campfire_upgraded":7,"win_rate":0,"timestamp":1650410599,"path_taken":["M","?","M","M","?","R","M","E","T","E","R","E","M","$","R","BOSS","M","?","$","M","M","R","E","M","T","R","?","?","?","E","R","BOSS","M","M","?","?","$","R","E","M","T","M","M","?","$","E","R","BOSS","BOSS","R","$","E","BOSS"],"build_version":"2022-03-07","purchased_purges":4,"victory":false,"max_hp_per_floor":[71,71,71,71,71,71,71,71,71,71,71,71,71,71,71,71,71,71,71,71,71,71,71,71,71,78,78,78,78,78,78,78,78,78,78,78,78,78,78,78,78,78,78,78,78,78,78,78,78,78,78,78,78,78,78,78],"relic_stats":{"Darkstone Periapt":0,"counters":[30,183],"StoneCalendar":[287],"The Courier":349,"Bag of Preparation":[24],"Ginger":[2],"Bottled Tornado":"Buffer","Question Card":20,"Bronze Scales":[517],"MealTicket":59,"obtain_stats":[{"Darkstone Periapt":48,"StoneCalendar":8,"Thread and Needle":31,"The Courier":34,"Bag of Preparation":34,"Incense Burner":47,"Ginger":55,"Bottled Tornado":39,"Question Card":12,"Akabeko":10,"Nuclear Battery":17,"Calling Bell":34,"DataDisk":24,"Strawberry":26,"Bronze Scales":39,"Toolbox":39,"MealTicket":9,"Bag of Marbles":39,"Cracked Core":0,"Pocketwatch":34,"Meat on the Bone":41},{"Darkstone Periapt":26,"StoneCalendar":6,"Thread and Needle":17,"The Courier":18,"Bag of Preparation":18,"Incense Burner":25,"Ginger":29,"Bottled Tornado":20,"Question Card":8,"Akabeko":7,"Nuclear Battery":10,"Calling Bell":18,"DataDisk":14,"Strawberry":15,"Bronze Scales":20,"Toolbox":20,"MealTicket":6,"Bag of Marbles":20,"Cracked Core":0,"Pocketwatch":18,"Meat on the Bone":21},{"Darkstone Periapt":106,"StoneCalendar":18,"Thread and Needle":63,"The Courier":71,"Bag of Preparation":71,"Incense Burner":101,"Ginger":172,"Bottled Tornado":78,"Question Card":30,"Akabeko":24,"Nuclear Battery":38,"Calling Bell":71,"DataDisk":51,"Strawberry":54,"Bronze Scales":78,"Toolbox":78,"MealTicket":18,"Bag of Marbles":78,"Cracked Core":0,"Pocketwatch":71,"Meat on the Bone":83}],"Pocketwatch":[150],"Meat on the Bone":24},"card_choices":[{"not_picked":["Steam","Skim"],"picked":"Ball Lightning","floor":1},{"not_picked":["Compile Driver","Conserve Battery"],"picked":"Barrage","floor":2},{"not_picked":["BootSequence","Hologram"],"picked":"Lockon","floor":3},{"not_picked":["Force Field","Reprogram"],"picked":"Hologram","floor":4},{"not_picked":["Barrage","Force Field"],"picked":"Compile Driver","floor":7},{"not_picked":["Compile Driver","Hello World"],"picked":"BootSequence","floor":8},{"not_picked":["Leap","Double Energy"],"picked":"Sweeping Beam","floor":10},{"not_picked":["Melter","Fusion"],"picked":"Doom and Gloom","floor":12},{"not_picked":["Fusion","Amplify","Leap","Stack"],"picked":"SKIP","floor":13},{"not_picked":["Reboot","Creative AI","Multi-Cast"],"picked":"Core Surge","floor":16},{"not_picked":["Turbo","Darkness","Go for the Eyes"],"picked":"Sunder+1","floor":18},{"not_picked":["Consume","Gash","Hello World","Storm"],"picked":"SKIP","floor":21},{"not_picked":["Consume","Gash","Hello World","Storm"],"picked":"SKIP","floor":21},{"not_picked":["Consume","Gash","Hello World","Storm"],"picked":"SKIP","floor":21},{"not_picked":["Auto Shields","Ball Lightning","Consume","Steam Power"],"picked":"SKIP","floor":22},{"not_picked":["Turbo","Lockon","Amplify"],"picked":"Ball Lightning","floor":24},{"not_picked":["Storm","Aggregate","Chaos"],"picked":"Consume+1","floor":25},{"not_picked":["Streamline","Rip and Tear+1","Sunder","Lockon"],"picked":"SKIP","floor":29},{"not_picked":["Conserve Battery","Beam Cell","Ball Lightning"],"picked":"Coolheaded","floor":31},{"not_picked":["Core Surge","Thunder Strike","Machine Learning"],"picked":"Buffer","floor":33},{"not_picked":["Gash","Beam Cell","FTL"],"picked":"Turbo","floor":35},{"not_picked":["Steam Power","Barrage+1","Rebound","Conserve Battery"],"picked":"SKIP","floor":36},{"not_picked":["Reprogram","Streamline+1","Reinforced Body"],"picked":"Hologram+1","floor":41},{"not_picked":["Scrape","Auto Shields+1","Beam Cell"],"picked":"Redo","floor":42},{"not_picked":["Auto Shields","Buffer","Streamline"],"picked":"Recycle","floor":44},{"not_picked":["Beam Cell+1","Compile Driver","Ball Lightning","FTL"],"picked":"SKIP","floor":45},{"not_picked":["Beam Cell+1","Compile Driver","Ball Lightning","FTL"],"picked":"SKIP","floor":45},{"not_picked":["Ball Lightning","Streamline","Sunder+1","Stack"],"picked":"SKIP","floor":46},{"not_picked":["Lockon","Sunder","Barrage"],"picked":"Recycle","floor":48},{"not_picked":["BootSequence","Compile Driver","Electrodynamics","Scrape"],"picked":"SKIP","floor":55}],"player_experience":6713181,"relics_obtained":[{"floor":8,"key":"StoneCalendar"},{"floor":9,"key":"MealTicket"},{"floor":10,"key":"Akabeko"},{"floor":12,"key":"Question Card"},{"floor":24,"key":"DataDisk"},{"floor":26,"key":"Strawberry"},{"floor":31,"key":"Thread and Needle"},{"floor":34,"key":"Bag of Preparation"},{"floor":34,"key":"The Courier"},{"floor":34,"key":"Pocketwatch"},{"floor":41,"key":"Meat on the Bone"},{"floor":48,"key":"Darkstone Periapt"},{"floor":55,"key":"Ginger"}],"event_choices":[{"damage_healed":17,"gold_gain":0,"player_choice":"Healed","damage_taken":0,"max_hp_gain":0,"max_hp_loss":0,"event_name":"The Cleric","floor":5,"gold_loss":35},{"damage_healed":0,"gold_gain":0,"player_choice":"Read","damage_taken":0,"max_hp_gain":0,"max_hp_loss":0,"event_name":"The Library","floor":19,"gold_loss":0,"cards_obtained":["Undo"]},{"damage_healed":0,"gold_gain":0,"player_choice":"Ignored","damage_taken":0,"max_hp_gain":0,"max_hp_loss":0,"event_name":"Ghosts","floor":28,"gold_loss":0},{"cards_removed":["Defend_B"],"damage_healed":0,"gold_gain":0,"player_choice":"Elegance","damage_taken":0,"max_hp_gain":0,"max_hp_loss":0,"event_name":"Back to Basics","floor":30,"gold_loss":0},{"cards_removed":["Hologram"],"damage_healed":0,"gold_gain":0,"player_choice":"Removed Skill","damage_taken":0,"max_hp_gain":0,"max_hp_loss":0,"event_name":"Falling","floor":37,"gold_loss":0},{"damage_healed":0,"gold_gain":999,"player_choice":"Gold","damage_taken":0,"max_hp_gain":0,"max_hp_loss":0,"event_name":"MindBloom","floor":38,"gold_loss":0,"cards_obtained":["Normality","Normality"]}],"is_beta":false,"boss_relics":[{"not_picked":["Velvet Choker","Tiny House"],"picked":"Nuclear Battery"},{"not_picked":["Cursed Key","Black Star"],"picked":"Calling Bell"}],"items_purged_floors":[14,20,39,47],"is_endless":false,"potions_floor_spawned":[7,8,10,12,13,16,24,29,35,42,45,48,55],"killed_by":"The Heart","ascension_level":20}