{"gold_per_floor":[113,263,279,291,45,45,45,45,45,72,90,90,119,136,136,214,214,233,233,243,243,77,108,108,123,171,198,33,45,72,72,72,146,146,159,171,219,219,238,263,263,296,296,296,314,314,347,347,347,347,347,347,347,5,33,33],"floor_reached":57,"playtime":5933,"items_purged":["Doubt","Strike_B","Strike_B","Zap"],"score":3012,"play_id":"331a42ab-ce0a-4f2e-9b08-07aa17014dbf","local_time":"20220420141157","is_ascension_mode":true,"campfire_choices":[{"data":"Hyperbeam","floor":6,"key":"SMITH"},{"data":"Buffer","floor":12,"key":"SMITH"},{"data":"Turbo","floor":15,"key":"SMITH"},{"data":"Recycle","floor":24,"key":"SMITH"},{"data":"Seek","floor":32,"key":"SMITH"},{"data":"Hologram","floor":41,"key":"SMITH"},{"data":"Hologram","floor":44,"key":"SMITH"},{"floor":46,"key":"RECALL"},{"data":"Reinforced Body","floor":49,"key":"SMITH"},{"data":"Skim","floor":53,"key":"SMITH"}],"neow_cost":"NONE","seed_source_timestamp":1298697064833100,"circlet_count":0,"master_deck":["AscendersBane","Defend_B","Defend_B","Defend_B","Defend_B","Lockon","Melter","Self Repair","Hyperbeam+1","Sweeping Beam","Compile Driver","Buffer+1","Undo","Meteor Strike","Turbo+1","Meteor Strike","Hologram+1","Recycle+1","Beam Cell","Hologram+1","Go for the Eyes+1","Seek+1","Turbo","Reinforced Body+1","Meteor Strike","Conserve Battery+1","Skim+1","Master of Strategy","PanicButton","Secret Weapon"],"relics":["SacredBark","The Courier","Strawberry","MealTicket","Runic Pyramid","Ornamental Fan","Toy Ornithopter","Question Card","Lantern","Coffee Dripper","Pocketwatch","PreservedInsect","Mummified Hand","Blood Vial","TheAbacus","Pantograph"],"potions_floor_usage":[13,16,22,23,27,37,45,56,56],"damage_taken":[{"damage":1,"enemies":"2 Louse","floor":1,"turns":2},{"damage":8,"enemies":"Cultist","floor":3,"turns":5},{"damage":4,"enemies":"Small Slimes","floor":4,"turns":3},{"damage":5,"enemies":"3 Sentries","floor":10,"turns":3},{"damage":8,"enemies":"Exordium Wildlife","floor":11,"turns":3},{"damage":0,"enemies":"Gremlin Nob","floor":13,"turns":2},{"damage":1,"enemies":"3 Louse","floor":14,"turns":3},{"damage":15,"enemies":"The Guardian","floor":16,"turns":11},{"damage":25,"enemies":"Shell Parasite","floor":18,"turns":5},{"damage":12,"enemies":"2 Thieves","floor":20,"turns":4},{"damage":13,"enemies":"Slavers","floor":23,"turns":2},{"damage":0,"enemies":"Shelled Parasite and Fungi","floor":25,"turns":4},{"damage":10,"enemies":"Gremlin Leader","floor":27,"turns":5},{"damage":0,"enemies":"Cultist and Chosen","floor":29,"turns":4},{"damage":17,"enemies":"Book of Stabbing","floor":30,"turns":4},{"damage":10,"enemies":"Champ","floor":33,"turns":12},{"damage":0,"enemies":"3 Shapes","floor":35,"turns":2},{"damage":0,"enemies":"Orb Walker","floor":36,"turns":3},{"damage":7,"enemies":"2 Orb Walkers","floor":37,"turns":4},{"damage":0,"enemies":"Spire Growth","floor":39,"turns":3},{"damage":0,"enemies":"Nemesis","floor":40,"turns":5},{"damage":0,"enemies":"Giant Head","floor":42,"turns":5},{"damage":0,"enemies":"Writhing Mass","floor":45,"turns":4},{"damage":6,"enemies":"Nemesis","floor":47,"turns":3},{"damage":20,"enemies":"Awakened One","floor":50,"turns":18},{"damage":0,"enemies":"Time Eater","floor":51,"turns":10},{"damage":0,"enemies":"Shield and Spear","floor":55,"turns":3},{"damage":37,"enemies":"The Heart","floor":56,"turns":10}],"seed_played":"5060153257129011331","potions_obtained":[{"floor":1,"key":"DuplicationPotion"},{"floor":4,"key":"Swift Potion"},{"floor":11,"key":"Strength Potion"},{"floor":16,"key":"PowerPotion"},{"floor":20,"key":"Swift Potion"},{"floor":23,"key":"Block Potion"},{"floor":25,"key":"Strength Potion"},{"floor":29,"key":"Energy Potion"},{"floor":36,"key":"DuplicationPotion"},{"floor":39,"key":"Swift Potion"},{"floor":47,"key":"SkillPotion"}],"is_trial":false,"path_per_floor":["M","?","M","M","$","R","?","?","T","E","M","R","E","M","R","B",null,"M","?","M","?","$","E","R","M","T","E","$","M","E","?","R","B",null,"M","M","?","?","M","E","R","E","T","R","M","R","E","?","R","B","B",null,"R","$","E","B",null],"character_chosen":"DEFECT","items_purchased":["Hyperbeam","Fruit Juice","Seek","TheAbacus","CultistPotion"],"campfire_rested":0,"item_purchase_floors":[5,22,28,54,54],"current_hp_per_floor":[63,63,55,51,51,51,51,51,51,60,59,59,66,72,72,64,75,57,57,52,52,77,71,71,78,78,80,88,88,78,78,78,75,85,85,88,88,88,88,88,88,88,88,88,88,88,88,78,78,67,76,85,85,88,88,68],"gold":33,"neow_bonus":"BOSS_RELIC","is_prod":false,"is_daily":false,"chose_seed":false,"campfire_upgraded":9,"win_rate":0,"timestamp":1650478317,"path_taken":["M","?","M","M","$","R","?","?","T","E","M","R","E","M","R","BOSS","M","?","M","?","$","E","R","M","T","E","$","M","E","?","R","BOSS","M","M","?","?","M","E","R","E","T","R","?","R","E","?","R","BOSS","BOSS","R","$","E","BOSS"],"build_version":"2022-03-07","purchased_purges":4,"victory":true,"max_hp_per_floor":[71,71,71,71,71,71,71,71,71,78,78,78,78,78,78,78,78,78,78,78,78,88,88,88,88,88,88,88,88,88,88,88,88,88,88,88,88,88,88,88,88,88,88,88,88,88,88,88,88,88,88,88,88,88,88,88],"relic_stats":{"counters":[28,142],"The Courier":169,"PreservedInsect":257,"Question Card":15,"Blood Vial":4,"TheAbacus":[18],"Ornamental Fan":[220],"Mummified Hand":[22],"Pantograph":0,"MealTicket":26,"obtain_stats":[{"Lantern":30,"SacredBark":0,"The Courier":9,"PreservedInsect":40,"Question Card":27,"Blood Vial":47,"TheAbacus":54,"Ornamental Fan":23,"Mummified Hand":42,"Strawberry":10,"Pantograph":55,"MealTicket":13,"Coffee Dripper":34,"Cracked Core":0,"Toy Ornithopter":26,"Runic Pyramid":17,"Pocketwatch":37},{"Lantern":15,"SacredBark":0,"The Courier":3,"PreservedInsect":21,"Question Card":13,"Blood Vial":24,"TheAbacus":26,"Ornamental Fan":11,"Mummified Hand":22,"Strawberry":4,"Pantograph":27,"MealTicket":6,"Coffee Dripper":16,"Cracked Core":0,"Toy Ornithopter":12,"Runic Pyramid":8,"Pocketwatch":19},{"Lantern":60,"SacredBark":0,"The Courier":10,"PreservedInsect":89,"Question Card":52,"Blood Vial":101,"TheAbacus":129,"Ornamental Fan":43,"Mummified Hand":94,"Strawberry":13,"Pantograph":132,"MealTicket":18,"Coffee Dripper":72,"Cracked Core":0,"Toy Ornithopter":47,"Runic Pyramid":32,"Pocketwatch":81}],"Toy Ornithopter":15,"Pocketwatch":[17]},"card_choices":[{"not_picked":["Static Discharge","Conserve Battery"],"picked":"Lockon","floor":1},{"not_picked":["Rebound","Steam"],"picked":"Melter","floor":3},{"not_picked":["Compile Driver","Gash"],"picked":"Self Repair","floor":4},{"not_picked":["Beam Cell","Compile Driver"],"picked":"Buffer","floor":10},{"not_picked":["Coolheaded","Melter"],"picked":"Undo","floor":11},{"not_picked":["Turbo","Sweeping Beam"],"picked":"Meteor Strike","floor":13},{"not_picked":["Streamline","Defragment"],"picked":"Turbo","floor":14},{"not_picked":["Fission","Rainbow"],"picked":"Meteor Strike","floor":16},{"not_picked":["Cold Snap","Redo"],"picked":"Hologram","floor":18},{"not_picked":["Undo","Fusion"],"picked":"Recycle","floor":20},{"not_picked":["Ball Lightning","Force Field"],"picked":"Hologram","floor":25},{"not_picked":["Stack","Gash"],"picked":"Go for the Eyes+1","floor":27},{"not_picked":["Go for the Eyes","Conserve Battery","Ball Lightning"],"picked":"Turbo","floor":29},{"not_picked":["Gash","Reprogram","Compile Driver"],"picked":"Reinforced Body","floor":30},{"not_picked":["Machine Learning","Amplify","Thunder Strike"],"picked":"Meteor Strike","floor":33},{"not_picked":["Compile Driver","Gash","Steam Power","Darkness"],"picked":"SKIP","floor":35},{"not_picked":["Conserve Battery","Sweeping Beam","Hologram"],"picked":"Rebound+1","floor":36},{"not_picked":["Sunder","Coolheaded","Rip and Tear"],"picked":"Conserve Battery+1","floor":37},{"not_picked":["Cold Snap+1","Melter+1","Chaos","Coolheaded+1"],"picked":"SKIP","floor":39},{"not_picked":["Hyperbeam","Leap","Redo+1","Heatsinks"],"picked":"SKIP","floor":40},{"not_picked":["Beam Cell","Compile Driver","Aggregate+1","Heatsinks"],"picked":"SKIP","floor":42},{"not_picked":["Barrage","FTL","Double Energy","Stack"],"picked":"SKIP","floor":45},{"not_picked":["Barrage","FTL","Double Energy","Stack"],"picked":"SKIP","floor":45},{"not_picked":["Auto Shields","Conserve Battery","Redo"],"picked":"Skim","floor":47},{"not_picked":["Jack Of All Trades","Thinking Ahead","Mind Blast"],"picked":"Master of Strategy","floor":48},{"not_picked":["Impatience","HandOfGreed","Bandage Up"],"picked":"PanicButton","floor":48},{"not_picked":["Deep Breath","PanicButton","Bandage Up"],"picked":"Secret Weapon","floor":48},{"not_picked":["Consume","Cold Snap+1","Storm","Redo"],"picked":"SKIP","floor":55}],"player_experience":6720048,"relics_obtained":[{"floor":9,"key":"The Courier"},{"floor":10,"key":"Strawberry"},{"floor":13,"key":"MealTicket"},{"floor":23,"key":"Ornamental Fan"},{"floor":26,"key":"Toy Ornithopter"},{"floor":27,"key":"Question Card"},{"floor":30,"key":"Lantern"},{"floor":37,"key":"Pocketwatch"},{"floor":40,"key":"PreservedInsect"},{"floor":42,"key":"Mummified Hand"},{"floor":47,"key":"Blood Vial"},{"floor":55,"key":"Pantograph"}],"event_choices":[{"damage_healed":0,"gold_gain":150,"player_choice":"AGREE","damage_taken":0,"max_hp_gain":0,"max_hp_loss":0,"event_name":"Liars Game","floor":2,"gold_loss":0,"cards_obtained":["Doubt"]},{"damage_healed":0,"gold_gain":0,"cards_transformed":["Dualcast"],"player_choice":"Change","damage_taken":0,"max_hp_gain":0,"max_hp_loss":0,"event_name":"Living Wall","floor":7,"gold_loss":0,"cards_obtained":["Sweeping Beam"]},{"damage_healed":0,"gold_gain":0,"cards_transformed":["Strike_B"],"player_choice":"Transformed","damage_taken":0,"max_hp_gain":0,"max_hp_loss":0,"event_name":"Transmorgrifier","floor":8,"gold_loss":0,"cards_obtained":["Compile Driver"]},{"damage_healed":0,"gold_gain":0,"player_choice":"Ignored","damage_taken":0,"max_hp_gain":0,"max_hp_loss":0,"event_name":"Ghosts","floor":19,"gold_loss":0},{"damage_healed":0,"gold_gain":0,"player_choice":"Read","damage_taken":0,"max_hp_gain":0,"max_hp_loss":0,"event_name":"The Library","floor":21,"gold_loss":0,"cards_obtained":["Beam Cell"]},{"cards_removed":["Strike_B"],"damage_healed":0,"gold_gain":0,"player_choice":"Elegance","damage_taken":0,"max_hp_gain":0,"max_hp_loss":0,"event_name":"Back to Basics","floor":31,"gold_loss":0},{"damage_healed":0,"gold_gain":0,"player_choice":"Fight","damage_taken":0,"max_hp_gain":0,"max_hp_loss":0,"event_name":"Mysterious Sphere","floor":37,"gold_loss":0},{"cards_removed":["Rebound"],"damage_healed":0,"gold_gain":0,"player_choice":"Removed Attack","damage_taken":0,"max_hp_gain":0,"max_hp_loss":0,"event_name":"Falling","floor":38,"gold_loss":0},{"damage_healed":0,"gold_gain":0,"player_choice":"Memory 3","damage_taken":10,"max_hp_gain":0,"max_hp_loss":0,"event_name":"SensoryStone","floor":48,"gold_loss":0}],"is_beta":false,"boss_relics":[{"not_picked":["Black Star","Cursed Key"],"picked":"Runic Pyramid"},{"not_picked":["Pandora\u0027s Box","Runic Dome"],"picked":"Coffee Dripper"}],"items_purged_floors":[5,22,28,54],"is_endless":false,"potions_floor_spawned":[1,4,11,16,20,23,25,29,35,36,39,42,47],"ascension_level":20}