{"gold_per_floor":[110,120,135,210,210,210,263,21,67,95,95,124,141,168,168,246,246,258,258,275,286,286,286,1,28,52,52,62,81,81,91,91,170,170,183,183,199,216,62,62,90,103,128,141,169,180,180,200,200,200,200,200,200,28,63,63],"floor_reached":56,"playtime":7069,"items_purged":["Strike_B","Strike_B"],"score":2198,"play_id":"023b1206-bc7a-4780-a98d-3216f9dc8e5a","local_time":"20220416141032","is_ascension_mode":true,"campfire_choices":[{"data":"Sweeping Beam","floor":6,"key":"SMITH"},{"floor":11,"key":"REST"},{"floor":15,"key":"REST"},{"data":"Buffer","floor":23,"key":"SMITH"},{"data":"Beam Cell","floor":27,"key":"SMITH"},{"data":"Doom and Gloom","floor":32,"key":"SMITH"},{"floor":40,"key":"RECALL"},{"data":"Dualcast","floor":49,"key":"SMITH"},{"data":"Zap","floor":53,"key":"SMITH"}],"neow_cost":"NONE","seed_source_timestamp":951895570358400,"circlet_count":0,"master_deck":["AscendersBane","Strike_B","Defend_B","Defend_B","Defend_B","Defend_B","Zap+1","Dualcast+1","Streamline+1","FTL","Sweeping Beam+1","Doom and Gloom+1","Beam Cell+1","Core Surge","BootSequence+1","Buffer+1","Glacier+1","Genetic Algorithm+1","Turbo+1","Cold Snap+1","Reinforced Body+1","Seek+1","Consume+1","Coolheaded+1","Coolheaded+1","Redo+1","Steam Power+1","Chaos+1","Defragment+1","Redo+1","Capacitor+1","Panacea+1"],"relics":["Cracked Core","Omamori","Bag of Preparation","DataDisk","Toxic Egg 2","Strawberry","Tiny Chest","Coffee Dripper","WarpedTongs","Nilry\u0027s Codex","Lee\u0027s Waffle","Anchor","Lantern","Art of War","Inserter","Symbiotic Virus","Frozen Egg 2","Gremlin Horn","Nunchaku"],"potions_floor_usage":[2,18,25,33,41,46,55,56,56],"damage_taken":[{"damage":0,"enemies":"2 Louse","floor":1,"turns":4},{"damage":0,"enemies":"Jaw Worm","floor":2,"turns":3},{"damage":0,"enemies":"Cultist","floor":3,"turns":2},{"damage":20,"enemies":"Lagavulin","floor":10,"turns":6},{"damage":11,"enemies":"Gremlin Nob","floor":12,"turns":3},{"damage":8,"enemies":"Blue Slaver","floor":13,"turns":3},{"damage":30,"enemies":"3 Sentries","floor":14,"turns":6},{"damage":26,"enemies":"The Guardian","floor":16,"turns":8},{"damage":0,"enemies":"2 Thieves","floor":18,"turns":4},{"damage":0,"enemies":"Chosen","floor":20,"turns":3},{"damage":16,"enemies":"Sentry and Sphere","floor":21,"turns":4},{"damage":39,"enemies":"Book of Stabbing","floor":25,"turns":6},{"damage":0,"enemies":"Snecko","floor":28,"turns":4},{"damage":0,"enemies":"Cultist and Chosen","floor":29,"turns":4},{"damage":1,"enemies":"Centurion and Healer","floor":31,"turns":6},{"damage":14,"enemies":"Automaton","floor":33,"turns":10},{"damage":0,"enemies":"3 Darklings","floor":35,"turns":3},{"damage":0,"enemies":"3 Shapes","floor":37,"turns":5},{"damage":0,"enemies":"Writhing Mass","floor":38,"turns":8},{"damage":0,"enemies":"Nemesis","floor":41,"turns":9},{"damage":0,"enemies":"4 Shapes","floor":42,"turns":4},{"damage":0,"enemies":"Transient","floor":44,"turns":6},{"damage":0,"enemies":"Giant Head","floor":45,"turns":10},{"damage":0,"enemies":"3 Darklings","floor":46,"turns":8},{"damage":0,"enemies":"Maw","floor":48,"turns":6},{"damage":0,"enemies":"Donu and Deca","floor":50,"turns":12},{"damage":0,"enemies":"Awakened One","floor":51,"turns":14},{"damage":29,"enemies":"Shield and Spear","floor":55,"turns":9},{"damage":56,"enemies":"The Heart","floor":56,"turns":12}],"seed_played":"8028560527623975131","potions_obtained":[{"floor":1,"key":"LiquidMemories"},{"floor":10,"key":"Ancient Potion"},{"floor":12,"key":"FearPotion"},{"floor":16,"key":"Block Potion"},{"floor":18,"key":"Explosive Potion"},{"floor":33,"key":"LiquidMemories"},{"floor":35,"key":"Block Potion"},{"floor":41,"key":"Explosive Potion"},{"floor":46,"key":"Strength Potion"},{"floor":55,"key":"Swift Potion"}],"is_trial":false,"path_per_floor":["M","M","M","?","T","R","?","$","T","E","R","E","M","E","R","B",null,"M","?","M","M","?","R","$","E","T","R","M","M","T","M","R","B",null,"M","?","M","M","$","R","E","M","T","M","E","M","T","M","R","B","B",null,"R","$","E","B"],"character_chosen":"DEFECT","items_purchased":["Bag of Preparation","Doom and Gloom","Lee\u0027s Waffle","Turbo+1","Coolheaded+1","Capacitor+1","Panacea+1"],"campfire_rested":2,"item_purchase_floors":[8,8,24,24,39,54,54],"current_hp_per_floor":[64,64,64,53,53,53,53,53,53,33,54,50,42,12,35,9,61,61,61,61,45,24,24,85,46,46,46,46,46,46,45,45,31,72,72,72,72,72,72,72,72,72,72,72,72,72,72,72,72,72,72,82,82,82,53,0],"gold":63,"neow_bonus":"REMOVE_CARD","is_prod":false,"is_daily":false,"chose_seed":false,"campfire_upgraded":6,"win_rate":0,"timestamp":1650132632,"path_taken":["M","M","M","?","?","R","?","$","T","E","R","E","M","E","R","BOSS","M","?","?","M","?","R","$","E","T","R","M","M","?","?","R","BOSS","M","?","M","?","$","R","E","M","T","M","E","M","?","M","R","BOSS","BOSS","R","$","E","BOSS"],"build_version":"2022-03-07","purchased_purges":2,"victory":false,"max_hp_per_floor":[71,71,71,71,71,71,71,71,71,71,71,78,78,78,78,78,78,78,78,78,78,78,78,85,85,85,85,85,85,85,85,85,85,85,85,85,85,85,85,85,85,85,85,85,85,85,85,85,85,85,85,85,85,85,85,85],"relic_stats":{"Lee\u0027s Waffle":61,"Nunchaku":[1],"Inserter":[53],"Gremlin Horn":[5,5],"counters":[29,182],"Nilry\u0027s Codex":[13,28,38,43],"Tiny Chest":2,"Omamori":1,"Bag of Preparation":[52],"Art of War":[27],"obtain_stats":[{"Lee\u0027s Waffle":24,"Lantern":26,"Inserter":34,"Gremlin Horn":47,"Nilry\u0027s Codex":22,"Omamori":5,"Bag of Preparation":8,"Frozen Egg 2":45,"WarpedTongs":19,"DataDisk":9,"Anchor":25,"Nunchaku":55,"Strawberry":12,"Tiny Chest":14,"Coffee Dripper":17,"Art of War":30,"Toxic Egg 2":10,"Cracked Core":0,"Symbiotic Virus":41},{"Lee\u0027s Waffle":11,"Lantern":12,"Inserter":16,"Gremlin Horn":24,"Nilry\u0027s Codex":11,"Omamori":3,"Bag of Preparation":3,"Frozen Egg 2":23,"WarpedTongs":9,"DataDisk":3,"Anchor":12,"Nunchaku":28,"Strawberry":5,"Tiny Chest":7,"Coffee Dripper":8,"Art of War":14,"Toxic Egg 2":4,"Cracked Core":0,"Symbiotic Virus":20},{"Lee\u0027s Waffle":46,"Lantern":52,"Inserter":76,"Gremlin Horn":129,"Nilry\u0027s Codex":46,"Omamori":9,"Bag of Preparation":9,"Frozen Egg 2":121,"WarpedTongs":39,"DataDisk":9,"Anchor":52,"Nunchaku":170,"Strawberry":18,"Tiny Chest":27,"Coffee Dripper":35,"Art of War":60,"Toxic Egg 2":15,"Cracked Core":0,"Symbiotic Virus":101}],"WarpedTongs":[128]},"card_choices":[{"not_picked":["Genetic Algorithm","Darkness"],"picked":"Streamline","floor":1},{"not_picked":["Leap","Steam"],"picked":"FTL","floor":2},{"not_picked":["Leap","Redo"],"picked":"Sweeping Beam","floor":3},{"not_picked":["Compile Driver","Recycle+1"],"picked":"Beam Cell","floor":10},{"not_picked":["Go for the Eyes","Barrage"],"picked":"Core Surge","floor":12},{"not_picked":["Melter","Streamline","Force Field+1"],"picked":"SKIP","floor":13},{"not_picked":["Streamline","Hello World"],"picked":"BootSequence+1","floor":14},{"not_picked":["Machine Learning","Thunder Strike"],"picked":"Buffer","floor":16},{"not_picked":["White Noise+1","Scrape"],"picked":"Glacier+1","floor":18},{"not_picked":["Rebound","Compile Driver"],"picked":"Genetic Algorithm+1","floor":20},{"not_picked":["Barrage","Stack+1","Sunder"],"picked":"SKIP","floor":21},{"not_picked":["Steam+1","Rebound","Redo+1"],"picked":"SKIP","floor":25},{"not_picked":["Steam Power+1","White Noise+1"],"picked":"Cold Snap+1","floor":28},{"not_picked":["Darkness+1","Streamline"],"picked":"Reinforced Body+1","floor":29},{"not_picked":["Rip and Tear","Force Field+1","Redo+1"],"picked":"SKIP","floor":31},{"not_picked":["Creative AI","Amplify+1"],"picked":"Seek+1","floor":33},{"not_picked":["Ball Lightning","Compile Driver"],"picked":"Consume+1","floor":35},{"not_picked":["Self Repair","Double Energy+1"],"picked":"Coolheaded+1","floor":37},{"not_picked":["Steam+1","Stack+1","Barrage"],"picked":"SKIP","floor":38},{"not_picked":["Storm","Rip and Tear+1"],"picked":"Redo+1","floor":41},{"not_picked":["Redo+1","Self Repair"],"picked":"Steam Power+1","floor":44},{"not_picked":["Steam+1","Core Surge"],"picked":"Chaos+1","floor":45},{"not_picked":["Chaos+1","Compile Driver"],"picked":"Defragment+1","floor":46},{"not_picked":["Turbo+1","Rebound"],"picked":"Redo+1","floor":48},{"not_picked":["Conserve Battery+1","Scrape","Leap+1"],"picked":"SKIP","floor":55}],"player_experience":6683621,"relics_obtained":[{"floor":5,"key":"Omamori"},{"floor":9,"key":"DataDisk"},{"floor":10,"key":"Toxic Egg 2"},{"floor":12,"key":"Strawberry"},{"floor":14,"key":"Tiny Chest"},{"floor":22,"key":"Nilry\u0027s Codex"},{"floor":25,"key":"Anchor"},{"floor":26,"key":"Lantern"},{"floor":30,"key":"Art of War"},{"floor":41,"key":"Symbiotic Virus"},{"floor":45,"key":"Frozen Egg 2"},{"floor":47,"key":"Gremlin Horn"},{"floor":55,"key":"Nunchaku"}],"event_choices":[{"damage_healed":0,"gold_gain":75,"player_choice":"Gather Gold","damage_taken":11,"max_hp_gain":0,"max_hp_loss":0,"event_name":"World of Goop","floor":4,"gold_loss":0},{"damage_healed":0,"gold_gain":53,"player_choice":"Gained Gold","damage_taken":0,"max_hp_gain":0,"max_hp_loss":0,"event_name":"Golden Wing","floor":7,"gold_loss":0},{"damage_healed":0,"gold_gain":0,"player_choice":"Rummage","damage_taken":0,"relics_obtained":["WarpedTongs"],"max_hp_gain":0,"max_hp_loss":0,"event_name":"Accursed Blacksmith","floor":19,"gold_loss":0,"cards_obtained":["Pain"]},{"damage_healed":0,"gold_gain":0,"player_choice":"Obtained Book","damage_taken":21,"max_hp_gain":0,"max_hp_loss":0,"event_name":"Cursed Tome","floor":22,"gold_loss":0},{"damage_healed":0,"gold_gain":0,"player_choice":"Upgraded","damage_taken":0,"max_hp_gain":0,"max_hp_loss":0,"event_name":"Upgrade Shrine","floor":36,"gold_loss":0,"cards_upgraded":["Streamline"]}],"is_beta":false,"boss_relics":[{"not_picked":["Philosopher\u0027s Stone","Nuclear Battery"],"picked":"Coffee Dripper"},{"not_picked":["SacredBark","Tiny House"],"picked":"Inserter"}],"items_purged_floors":[24,39],"is_endless":false,"potions_floor_spawned":[1,10,12,16,18,21,33,35,38,41,46,48,55],"killed_by":"The Heart","ascension_level":20}