{"gold_per_floor":[112,126,144,219,239,239,239,265,290,290,303,6,31,31,31,110,110,129,147,161,3,21,56,56,56,102,115,129,140,140,171,171,249,249,269,281,333,347,367,367,367,367,367,367,367,194,219,13,13,13,13,13,13,13,39,39],"floor_reached":57,"playtime":5222,"items_purged":["Strike_B"],"score":2689,"play_id":"dd7d0c7b-0dde-4e2c-97c6-a370d9e126eb","local_time":"20220416154509","is_ascension_mode":true,"campfire_choices":[{"data":"Ball Lightning","floor":6,"key":"SMITH"},{"data":"Barrage","floor":10,"key":"SMITH"},{"data":"Doom and Gloom","floor":15,"key":"SMITH"},{"data":"Seek","floor":25,"key":"SMITH"},{"data":"Biased Cognition","floor":30,"key":"SMITH"},{"data":"Capacitor","floor":32,"key":"SMITH"},{"data":"Turbo","floor":40,"key":"SMITH"},{"floor":42,"key":"RECALL"},{"data":"Go for the Eyes","floor":45,"key":"SMITH"},{"data":"Strike_B","floor":49,"key":"PURGE"},{"data":"Strike_B","floor":53,"key":"PURGE"}],"neow_cost":"NONE","seed_source_timestamp":959399810949700,"circlet_count":0,"master_deck":["AscendersBane","Strike_B","Defend_B","Defend_B","Defend_B","Defend_B+1","Zap","Dualcast+1","Steam","Barrage+1","Ball Lightning+1","Coolheaded","Genetic Algorithm","Cold Snap","Seek+1","Doom and Gloom+1","Biased Cognition+1","Capacitor+1","Coolheaded","Beam Cell","Core Surge","Coolheaded","Hologram+1","Coolheaded+1","Echo Form","Capacitor","Go for the Eyes+1","Buffer","Biased Cognition+1","Self Repair","Redo"],"relics":["SlaversCollar","War Paint","Bronze Scales","Blood Vial","Runic Pyramid","Lee\u0027s Waffle","Centennial Puzzle","Pen Nib","Ornamental Fan","Nuclear Battery","Incense Burner","OrangePellets","Peace Pipe","DollysMirror","StrikeDummy"],"potions_floor_usage":[5,13,18,20,37,37,56,56],"damage_taken":[{"damage":12,"enemies":"Cultist","floor":1,"turns":5},{"damage":2,"enemies":"2 Louse","floor":2,"turns":3},{"damage":0,"enemies":"Small Slimes","floor":3,"turns":4},{"damage":15,"enemies":"Exordium Wildlife","floor":5,"turns":4},{"damage":33,"enemies":"Gremlin Nob","floor":8,"turns":4},{"damage":11,"enemies":"Looter","floor":11,"turns":3},{"damage":3,"enemies":"Lagavulin","floor":13,"turns":7},{"damage":1,"enemies":"Hexaghost","floor":16,"turns":8},{"damage":5,"enemies":"2 Thieves","floor":18,"turns":4},{"damage":18,"enemies":"Shell Parasite","floor":19,"turns":4},{"damage":31,"enemies":"Shelled Parasite and Fungi","floor":20,"turns":7},{"damage":12,"enemies":"Snake Plant","floor":22,"turns":5},{"damage":0,"enemies":"Gremlin Leader","floor":23,"turns":5},{"damage":0,"enemies":"Snecko","floor":27,"turns":4},{"damage":25,"enemies":"Cultist and Chosen","floor":28,"turns":7},{"damage":1,"enemies":"Centurion and Healer","floor":29,"turns":6},{"damage":17,"enemies":"Slavers","floor":31,"turns":3},{"damage":3,"enemies":"Automaton","floor":33,"turns":12},{"damage":0,"enemies":"Orb Walker","floor":35,"turns":5},{"damage":0,"enemies":"3 Shapes","floor":36,"turns":5},{"damage":6,"enemies":"2 Orb Walkers","floor":37,"turns":3},{"damage":4,"enemies":"3 Darklings","floor":38,"turns":10},{"damage":13,"enemies":"4 Shapes","floor":39,"turns":5},{"damage":17,"enemies":"Nemesis","floor":47,"turns":5},{"damage":10,"enemies":"Time Eater","floor":50,"turns":12},{"damage":7,"enemies":"Donu and Deca","floor":51,"turns":8},{"damage":8,"enemies":"Shield and Spear","floor":55,"turns":12},{"damage":12,"enemies":"The Heart","floor":56,"turns":9}],"seed_played":"7224161639866653195","potions_obtained":[{"floor":1,"key":"Regen Potion"},{"floor":5,"key":"SteroidPotion"},{"floor":13,"key":"LiquidMemories"},{"floor":18,"key":"FocusPotion"},{"floor":19,"key":"Regen Potion"},{"floor":28,"key":"Ancient Potion"},{"floor":33,"key":"GamblersBrew"},{"floor":37,"key":"PowerPotion"},{"floor":47,"key":"EssenceOfSteel"}],"is_trial":false,"path_per_floor":["M","M","M","?","M","R","?","E","T","R","M","$","E","?","R","B",null,"M","M","M","$","M","E","?","R","T","M","M","M","R","E","R","B",null,"M","M","?","M","M","R","?","R","T","$","R","$","E","$","R","B","B",null,"R","$","E","B",null],"character_chosen":"DEFECT","items_purchased":["Block Potion","Seek","Lee\u0027s Waffle","OrangePellets","DollysMirror","Self Repair"],"campfire_rested":0,"item_purchase_floors":[12,12,21,46,48,48],"current_hp_per_floor":[52,50,50,39,36,36,59,26,26,26,15,15,12,12,12,13,57,54,38,24,78,66,68,68,68,68,70,47,48,48,33,33,32,67,69,71,67,65,54,54,54,54,54,54,54,54,39,39,39,45,54,72,72,72,78,73],"gold":39,"neow_bonus":"BOSS_RELIC","is_prod":false,"is_daily":false,"chose_seed":false,"campfire_upgraded":8,"win_rate":0,"timestamp":1650138309,"path_taken":["M","M","M","?","M","R","?","E","T","R","M","$","E","?","R","BOSS","M","M","M","$","M","E","?","R","T","M","M","M","R","E","R","BOSS","M","M","?","M","M","R","?","R","T","?","R","$","E","$","R","BOSS","BOSS","R","$","E","BOSS"],"build_version":"2022-03-07","purchased_purges":1,"victory":true,"max_hp_per_floor":[71,71,71,71,71,71,71,71,71,71,71,71,71,71,71,71,71,71,71,71,78,78,78,78,78,78,78,78,78,78,78,78,78,78,78,78,78,78,78,78,78,78,78,78,78,78,78,78,78,78,78,78,78,78,78,78],"relic_stats":{"Blood Vial":38,"Peace Pipe":2,"OrangePellets":[15],"Lee\u0027s Waffle":54,"Centennial Puzzle":[36],"counters":[28,169],"Ornamental Fan":[76],"Bronze Scales":[626],"Pen Nib":[15],"War Paint":["Dualcast","Defend_B"],"obtain_stats":[{"Lee\u0027s Waffle":21,"Pen Nib":26,"Incense Burner":37,"War Paint":8,"Nuclear Battery":34,"Blood Vial":13,"Peace Pipe":47,"SlaversCollar":0,"OrangePellets":46,"Centennial Puzzle":23,"Ornamental Fan":31,"DollysMirror":48,"Bronze Scales":9,"Cracked Core":0,"StrikeDummy":55,"Runic Pyramid":17},{"Lee\u0027s Waffle":11,"Pen Nib":13,"Incense Burner":21,"War Paint":5,"Nuclear Battery":18,"Blood Vial":7,"Peace Pipe":24,"SlaversCollar":0,"OrangePellets":23,"Centennial Puzzle":13,"Ornamental Fan":17,"DollysMirror":24,"Bronze Scales":5,"Cracked Core":0,"StrikeDummy":27,"Runic Pyramid":8},{"Lee\u0027s Waffle":53,"Pen Nib":63,"Incense Burner":108,"War Paint":20,"Nuclear Battery":95,"Blood Vial":30,"Peace Pipe":128,"SlaversCollar":0,"OrangePellets":123,"Centennial Puzzle":63,"Ornamental Fan":83,"DollysMirror":128,"Bronze Scales":20,"Cracked Core":0,"StrikeDummy":160,"Runic Pyramid":38}]},"card_choices":[{"not_picked":["Capacitor","Turbo"],"picked":"Steam","floor":1},{"not_picked":["Turbo","Amplify"],"picked":"Barrage","floor":2},{"not_picked":["Leap","Steam"],"picked":"Ball Lightning","floor":3},{"not_picked":["White Noise","Compile Driver"],"picked":"Coolheaded","floor":5},{"not_picked":["Recycle","Redo"],"picked":"Genetic Algorithm","floor":8},{"not_picked":["Sweeping Beam","Heatsinks"],"picked":"Cold Snap","floor":11},{"not_picked":["Self Repair","Conserve Battery"],"picked":"Doom and Gloom","floor":13},{"not_picked":["Reboot","Echo Form"],"picked":"Biased Cognition","floor":16},{"not_picked":["Self Repair","Compile Driver"],"picked":"Capacitor","floor":18},{"not_picked":["Steam Power","Go for the Eyes"],"picked":"Coolheaded","floor":19},{"not_picked":["Scrape","Steam Power","Capacitor"],"picked":"SKIP","floor":20},{"not_picked":["Stack","Gash"],"picked":"Beam Cell","floor":22},{"not_picked":["Cold Snap+1","Glacier"],"picked":"Core Surge","floor":23},{"not_picked":["Beam Cell","Hello World","Static Discharge"],"picked":"SKIP","floor":27},{"not_picked":["Recycle","Aggregate"],"picked":"Coolheaded","floor":28},{"not_picked":["Force Field","Seek"],"picked":"Hologram+1","floor":29},{"not_picked":["Turbo","Ball Lightning"],"picked":"Coolheaded+1","floor":31},{"not_picked":["Fission","Machine Learning"],"picked":"Echo Form","floor":33},{"not_picked":["Consume","Streamline","Undo"],"picked":"SKIP","floor":35},{"not_picked":["Steam","Streamline"],"picked":"Capacitor","floor":36},{"not_picked":["Go for the Eyes","BootSequence"],"picked":"Turbo","floor":37},{"not_picked":["Fusion","Beam Cell+1"],"picked":"Go for the Eyes","floor":38},{"not_picked":["Barrage","Stack","Heatsinks"],"picked":"SKIP","floor":39},{"not_picked":["Fusion","Rebound"],"picked":"Buffer","floor":47},{"not_picked":["Ball Lightning+1","Leap+1"],"picked":"Redo","floor":55}],"player_experience":6690690,"relics_obtained":[{"floor":8,"key":"War Paint"},{"floor":9,"key":"Bronze Scales"},{"floor":13,"key":"Blood Vial"},{"floor":23,"key":"Centennial Puzzle"},{"floor":26,"key":"Pen Nib"},{"floor":31,"key":"Ornamental Fan"},{"floor":37,"key":"Incense Burner"},{"floor":47,"key":"Peace Pipe"},{"floor":55,"key":"StrikeDummy"}],"event_choices":[{"damage_healed":0,"gold_gain":75,"player_choice":"Gather Gold","damage_taken":11,"max_hp_gain":0,"max_hp_loss":0,"event_name":"World of Goop","floor":4,"gold_loss":0},{"damage_healed":23,"gold_gain":0,"player_choice":"Banana","damage_taken":0,"max_hp_gain":0,"max_hp_loss":0,"event_name":"Big Fish","floor":7,"gold_loss":0},{"damage_healed":0,"gold_gain":0,"player_choice":"Ignored","damage_taken":0,"max_hp_gain":0,"max_hp_loss":0,"event_name":"Liars Game","floor":14,"gold_loss":0},{"damage_healed":0,"gold_gain":0,"player_choice":"Fight","damage_taken":0,"max_hp_gain":0,"max_hp_loss":0,"event_name":"Mysterious Sphere","floor":37,"gold_loss":0},{"cards_removed":["Turbo"],"damage_healed":0,"gold_gain":0,"player_choice":"Removed Skill","damage_taken":0,"max_hp_gain":0,"max_hp_loss":0,"event_name":"Falling","floor":41,"gold_loss":0}],"is_beta":false,"boss_relics":[{"not_picked":["Philosopher\u0027s Stone","Sozu"],"picked":"Runic Pyramid"},{"not_picked":["Coffee Dripper","Snecko Eye"],"picked":"Nuclear Battery"}],"items_purged_floors":[12],"is_endless":false,"potions_floor_spawned":[1,5,13,18,19,28,33,35,37,47],"ascension_level":20}