{"gold_per_floor":[219,229,104,104,123,123,144,184,184,184,234,259,259,291,291,394,421,450,472,742,48,70,70,119,134,158,158,197,222,252,84,84,184,184,205,223,248,270,294,294,334,667,667,667,679,722,432,453,453,453,453,453,453,23,52,52],"floor_reached":57,"playtime":7283,"items_purged":["Strike_B","Defend_B","Zap"],"score":2882,"play_id":"ec20c424-c526-4070-96f6-cf8bf186756e","local_time":"20220422183850","is_ascension_mode":true,"campfire_choices":[{"data":"Streamline","floor":6,"key":"SMITH"},{"floor":10,"key":"REST"},{"data":"Hologram","floor":15,"key":"SMITH"},{"floor":23,"key":"REST"},{"data":"Double Energy","floor":27,"key":"SMITH"},{"data":"Scrape","floor":32,"key":"SMITH"},{"floor":40,"key":"RECALL"},{"data":"Dualcast","floor":49,"key":"SMITH"},{"floor":53,"key":"REST"}],"neow_cost":"NONE","seed_source_timestamp":1486142529538200,"circlet_count":0,"master_deck":["AscendersBane","Defend_B","Defend_B","Defend_B","Dualcast+1","Streamline+1","Double Energy+1","Hologram+1","Melter","Rebound","Compile Driver","Chill+1","Steam+1","Hologram+1","Seek+1","Static Discharge+1","Gash+1","Undo+1","Gash","Steam Power+1","Hologram+1","Scrape+1","Jack Of All Trades+1","Glacier+1","Fission+1","Coolheaded+1","Gash+1","Echo Form","Madness+1","Madness+1","Hologram+1","Reprogram+1","Reinforced Body+1","Scrape+1","Undo+1","Gash+1","Panache"],"relics":["Cracked Core","CeramicFish","Toxic Egg 2","CultistMask","Astrolabe","White Beast Statue","OrangePellets","Letter Opener","Vajra","Blue Candle","Toolbox","SlaversCollar","Meat on the Bone","Torii","Art of War","Medical Kit","Frozen Eye","Blood Vial"],"potions_floor_usage":[11,16,18,19,24,28,33,38,46,51,56],"damage_taken":[{"damage":0,"enemies":"Cultist","floor":1,"turns":4},{"damage":0,"enemies":"2 Louse","floor":2,"turns":2},{"damage":7,"enemies":"Jaw Worm","floor":5,"turns":3},{"damage":0,"enemies":"2 Fungi Beasts","floor":7,"turns":4},{"damage":30,"enemies":"3 Sentries","floor":8,"turns":7},{"damage":15,"enemies":"Lagavulin","floor":11,"turns":5},{"damage":15,"enemies":"Gremlin Gang","floor":12,"turns":6},{"damage":0,"enemies":"3 Louse","floor":14,"turns":2},{"damage":1,"enemies":"The Guardian","floor":16,"turns":10},{"damage":8,"enemies":"Chosen","floor":18,"turns":6},{"damage":2,"enemies":"3 Byrds","floor":19,"turns":4},{"damage":0,"enemies":"Centurion and Healer","floor":22,"turns":6},{"damage":12,"enemies":"Slavers","floor":24,"turns":4},{"damage":0,"enemies":"Snake Plant","floor":25,"turns":4},{"damage":12,"enemies":"Book of Stabbing","floor":28,"turns":3},{"damage":0,"enemies":"3 Cultists","floor":29,"turns":3},{"damage":0,"enemies":"Centurion and Healer","floor":30,"turns":2},{"damage":6,"enemies":"Automaton","floor":33,"turns":5},{"damage":0,"enemies":"3 Darklings","floor":35,"turns":5},{"damage":0,"enemies":"3 Shapes","floor":37,"turns":2},{"damage":0,"enemies":"Transient","floor":38,"turns":6},{"damage":0,"enemies":"Jaw Worm Horde","floor":39,"turns":1},{"damage":0,"enemies":"Giant Head","floor":41,"turns":5},{"damage":1,"enemies":"Writhing Mass","floor":45,"turns":8},{"damage":0,"enemies":"Nemesis","floor":46,"turns":5},{"damage":0,"enemies":"Spire Growth","floor":48,"turns":2},{"damage":9,"enemies":"Donu and Deca","floor":50,"turns":7},{"damage":7,"enemies":"Time Eater","floor":51,"turns":13},{"damage":1,"enemies":"Shield and Spear","floor":55,"turns":4},{"damage":73,"enemies":"The Heart","floor":56,"turns":9}],"seed_played":"6737345874807370990","potions_obtained":[{"floor":2,"key":"FocusPotion"},{"floor":8,"key":"GamblersBrew"},{"floor":14,"key":"Dexterity Potion"},{"floor":16,"key":"Regen Potion"},{"floor":18,"key":"SpeedPotion"},{"floor":22,"key":"Weak Potion"},{"floor":24,"key":"PowerPotion"},{"floor":25,"key":"FairyPotion"},{"floor":28,"key":"SteroidPotion"},{"floor":30,"key":"SteroidPotion"},{"floor":33,"key":"DistilledChaos"},{"floor":38,"key":"CultistPotion"},{"floor":39,"key":"FearPotion"},{"floor":45,"key":"FairyPotion"},{"floor":46,"key":"Swift Potion"},{"floor":55,"key":"LiquidMemories"}],"is_trial":false,"path_per_floor":["M","M","$","?","M","R","M","E","T","R","E","M","?","M","R","B",null,"M","M","?","$","M","R","E","M","T","R","E","M","M","$","R","B",null,"M","?","M","M","M","R","E","?","T","?","M","E","$","M","R","B","B",null,"R","$","E","B",null],"character_chosen":"DEFECT","items_purchased":["Hologram","White Beast Statue","Hologram+1","OrangePellets","Scrape","Jack Of All Trades+1","Toolbox","Medical Kit","Frozen Eye","SteroidPotion","Panache"],"campfire_rested":3,"item_purchase_floors":[3,21,21,21,21,21,31,47,54,54,54],"current_hp_per_floor":[64,64,64,64,57,57,57,27,27,46,31,16,16,16,16,15,52,59,57,30,30,30,49,37,37,37,37,25,25,25,25,25,19,53,53,41,41,41,41,41,41,41,41,41,40,40,40,40,40,43,36,57,64,64,63,22],"gold":52,"neow_bonus":"HUNDRED_GOLD","is_prod":false,"is_daily":false,"chose_seed":false,"campfire_upgraded":5,"win_rate":0,"timestamp":1650667130,"path_taken":["M","M","$","?","M","R","M","E","T","R","E","M","?","M","R","BOSS","M","?","?","$","?","R","E","M","T","R","E","M","M","$","R","BOSS","M","?","M","M","M","R","E","?","T","?","M","E","$","?","R","BOSS","BOSS","R","$","E","BOSS"],"build_version":"2022-03-07","purchased_purges":3,"victory":true,"max_hp_per_floor":[71,71,71,64,64,64,64,64,64,64,64,64,64,64,64,64,64,64,64,64,64,64,64,64,64,64,64,64,64,64,64,64,64,64,64,64,64,64,64,64,64,64,64,64,64,64,64,64,64,64,64,64,64,64,64,64],"relic_stats":{"Torii":11,"counters":[30,147],"CeramicFish":243,"Astrolabe":["Static Discharge","Gash","Undo"],"Blue Candle":[0],"Letter Opener":[916],"Medical Kit":[9],"White Beast Statue":[0.0,0.0,0.0,0.4,0.0,0.6000000000000001,0.0,0.0,0.0,0.0,0.0,7.088743680000002],"Blood Vial":1,"OrangePellets":[16],"Frozen Eye":451.35477,"Art of War":[8],"obtain_stats":[{"Torii":43,"Golden Idol":4,"CeramicFish":8,"Astrolabe":17,"Blue Candle":28,"Vajra":26,"Letter Opener":24,"Medical Kit":47,"White Beast Statue":21,"Blood Vial":55,"OrangePellets":21,"SlaversCollar":34,"Frozen Eye":54,"Toolbox":31,"CultistMask":13,"Art of War":46,"Toxic Egg 2":11,"Cracked Core":0,"Meat on the Bone":41},{"Torii":23,"Golden Idol":2,"CeramicFish":5,"Astrolabe":9,"Blue Candle":15,"Vajra":14,"Letter Opener":13,"Medical Kit":25,"White Beast Statue":11,"Blood Vial":29,"OrangePellets":11,"SlaversCollar":18,"Frozen Eye":28,"Toolbox":17,"CultistMask":7,"Art of War":25,"Toxic Egg 2":6,"Cracked Core":0,"Meat on the Bone":23},{"Torii":99,"Golden Idol":6,"CeramicFish":20,"Astrolabe":43,"Blue Candle":70,"Vajra":67,"Letter Opener":63,"Medical Kit":112,"White Beast Statue":53,"Blood Vial":138,"OrangePellets":53,"SlaversCollar":80,"Frozen Eye":134,"Toolbox":75,"CultistMask":31,"Art of War":112,"Toxic Egg 2":25,"Cracked Core":0,"Meat on the Bone":99}],"Meat on the Bone":24},"card_choices":[{"not_picked":["Go for the Eyes","Redo"],"picked":"Streamline","floor":1},{"not_picked":["Redo","Consume"],"picked":"Double Energy","floor":2},{"not_picked":["Fusion","Scrape"],"picked":"Melter","floor":5},{"not_picked":["Cold Snap","Hologram"],"picked":"Rebound","floor":7},{"not_picked":["Turbo","Scrape"],"picked":"Compile Driver","floor":8},{"not_picked":["Leap+1","Tempest+1"],"picked":"Chill+1","floor":11},{"not_picked":["Go for the Eyes","Multi-Cast+1"],"picked":"Steam+1","floor":12},{"not_picked":["Coolheaded+1","Gash"],"picked":"Hologram+1","floor":14},{"not_picked":["Hyperbeam","Biased Cognition"],"picked":"Seek+1","floor":16},{"not_picked":["FTL","Stack+1"],"picked":"Gash","floor":18},{"not_picked":["Fusion+1","Cold Snap"],"picked":"Steam Power+1","floor":19},{"not_picked":["Sunder","Barrage"],"picked":"Glacier+1","floor":22},{"not_picked":["Steam Power+1","Streamline"],"picked":"Fission+1","floor":24},{"not_picked":["Streamline+1","Lockon","Stack+1"],"picked":"SKIP","floor":25},{"not_picked":["Streamline+1","Lockon","Stack+1"],"picked":"SKIP","floor":25},{"not_picked":["Leap+1","Double Energy+1","Stack+1"],"picked":"SKIP","floor":28},{"not_picked":["Ball Lightning+1","Hologram+1"],"picked":"Coolheaded+1","floor":29},{"not_picked":["Sunder","Turbo+1"],"picked":"Gash+1","floor":30},{"not_picked":["Rainbow+1","Multi-Cast+1"],"picked":"Echo Form","floor":33},{"not_picked":["Sweeping Beam","Coolheaded+1"],"picked":"Hologram+1","floor":37},{"not_picked":["Sweeping Beam","Static Discharge"],"picked":"Reprogram+1","floor":38},{"not_picked":["Steam+1","Gash"],"picked":"Reinforced Body+1","floor":39},{"not_picked":["White Noise+1","Sweeping Beam"],"picked":"Scrape","floor":41},{"not_picked":["Sweeping Beam","Fusion+1","FTL"],"picked":"SKIP","floor":45},{"not_picked":["Rip and Tear","Buffer"],"picked":"Undo+1","floor":46},{"not_picked":["Hologram+1","Aggregate+1"],"picked":"Gash+1","floor":48},{"not_picked":["Steam+1","Streamline","FTL"],"picked":"SKIP","floor":55}],"player_experience":6745904,"relics_obtained":[{"floor":8,"key":"CeramicFish"},{"floor":11,"key":"Toxic Egg 2"},{"floor":24,"key":"Letter Opener"},{"floor":26,"key":"Vajra"},{"floor":28,"key":"Blue Candle"},{"floor":41,"key":"Meat on the Bone"},{"floor":43,"key":"Torii"},{"floor":46,"key":"Art of War"},{"floor":55,"key":"Blood Vial"}],"event_choices":[{"damage_healed":0,"gold_gain":0,"player_choice":"Lose Max HP","damage_taken":0,"relics_obtained":["Golden Idol"],"max_hp_gain":0,"max_hp_loss":7,"event_name":"Golden Idol","floor":4,"gold_loss":0},{"damage_healed":0,"gold_gain":0,"player_choice":"Trade","damage_taken":0,"relics_obtained":["CultistMask"],"max_hp_gain":0,"max_hp_loss":0,"event_name":"FaceTrader","floor":13,"gold_loss":0},{"damage_healed":0,"gold_gain":270,"player_choice":"GOLD GOLD GOLD ","damage_taken":27,"max_hp_gain":0,"max_hp_loss":0,"event_name":"Knowing Skull","floor":20,"potions_obtained":[],"gold_loss":0,"cards_obtained":[]},{"damage_healed":0,"gold_gain":0,"player_choice":"Embrace Madness","damage_taken":12,"max_hp_gain":0,"max_hp_loss":0,"event_name":"Winding Halls","floor":36,"gold_loss":0,"cards_obtained":["Madness","Madness"]},{"damage_healed":0,"gold_gain":333,"player_choice":"Gave Idol","damage_taken":0,"max_hp_gain":0,"max_hp_loss":0,"event_name":"The Moai Head","floor":42,"relics_lost":["Golden Idol"],"gold_loss":0},{"damage_healed":0,"gold_gain":0,"player_choice":"Upgraded","damage_taken":0,"max_hp_gain":0,"max_hp_loss":0,"event_name":"Upgrade Shrine","floor":44,"gold_loss":0,"cards_upgraded":["Scrape"]}],"is_beta":false,"boss_relics":[{"not_picked":["Nuclear Battery","Snecko Eye"],"picked":"Astrolabe"},{"not_picked":["FrozenCore","Sozu"],"picked":"SlaversCollar"}],"items_purged_floors":[3,21,47],"is_endless":false,"potions_floor_spawned":[2,8,14,16,18,22,24,25,28,29,30,33,35,37,38,39,41,45,46,48,55],"ascension_level":20}