{"gold_per_floor":[113,123,134,144,167,167,194,214,214,232,245,271,283,314,314,390,390,405,405,415,415,10,38,38,64,91,91,91,124,144,158,158,237,237,252,265,123,398,197,197,223,223,249,263,294,308,319,330,330,330,330,330,330,2,32,32],"floor_reached":57,"playtime":6142,"items_purged":["Defend_B","Strike_B","Regret"],"score":2942,"play_id":"37cce07f-2ef3-422d-9de1-0ba37e58a4b0","local_time":"20220504170525","is_ascension_mode":true,"campfire_choices":[{"data":"Doom and Gloom","floor":6,"key":"SMITH"},{"data":"Fission","floor":15,"key":"SMITH"},{"floor":24,"key":"REST"},{"floor":28,"key":"REST"},{"floor":32,"key":"RECALL"},{"floor":40,"key":"REST"},{"floor":42,"key":"REST"},{"floor":49,"key":"REST"},{"floor":53,"key":"REST"}],"neow_cost":"NONE","seed_source_timestamp":2518433541749700,"shop_contents":[{"floor":22,"relics":["White Beast Statue","Akabeko"],"cards":["Ball Lightning","Sunder","Stack","Leap","Self Repair","Magnetism"],"potions":["SpeedPotion","CultistPotion"]},{"floor":37,"relics":["Lizard Tail","StoneCalendar","Toolbox"],"cards":["Blizzard","Gash","Redo","Leap","Flash of Steel","Secret Weapon"],"potions":["Ancient Potion","FearPotion","SteroidPotion"]},{"floor":39,"relics":["Pen Nib","Regal Pillow","Strange Spoon"],"cards":["Scrape","Ball Lightning","Chaos","Storm","Trip","Violence"],"potions":["PowerPotion","Weak Potion","AttackPotion"]},{"floor":54,"relics":["HornCleat","Toy Ornithopter","TheAbacus"],"cards":["Cold Snap","Tempest","Capacitor","Impatience","Thinking Ahead"],"potions":["Dexterity Potion"]}],"circlet_count":0,"master_deck":["AscendersBane","Strike_B","Strike_B+1","Defend_B","Defend_B","Defend_B","Zap","Dualcast","CurseOfTheBell","White Noise","Chill","Doom and Gloom+1","Cold Snap","Lockon+1","Consume","Ball Lightning","Lockon","Coolheaded","Fission+1","Multi-Cast","Doom and Gloom+1","Undo","Dark Shackles","Seek","Conserve Battery+1","Echo Form","Capacitor","Glacier","Hologram","Coolheaded+1","Chaos+1","Double Energy","Sunder+1","Tempest","Hologram+1","Meteor Strike","Hologram","Capacitor"],"potion_use_per_floor":[[],[],[],["SpeedPotion"],[],[],[],[],[],[],[],["Strength Potion"],[],[],[],[],[],["Block Potion"],[],[],[],[],[],[],[],[],[],[],[],[],[],[],[],[],["Swift Potion"],[],[],[],[],[],[],[],[],[],["Swift Potion"],[],[],[],[],[],[],[],[],["Fruit Juice"],["SpeedPotion","Energy Potion"],["FocusPotion","BlessingOfTheForge"],[]],"relics":["Calling Bell","Centennial Puzzle","Symbiotic Virus","Turnip","Anchor","Whetstone","StrikeDummy","Happy Flower","Ice Cream","Fusion Hammer","Frozen Eye","Bottled Flame","Pear","Boot","Snecko Eye","Meat on the Bone","Potion Belt","Dream Catcher","Art of War"],"potions_floor_usage":[4,12,18,35,45,54,55,55,56,56],"damage_taken":[{"damage":0,"enemies":"Cultist","floor":1,"turns":3},{"damage":5,"enemies":"Small Slimes","floor":2,"turns":3},{"damage":7,"enemies":"Jaw Worm","floor":3,"turns":3},{"damage":6,"enemies":"Gremlin Gang","floor":4,"turns":7},{"damage":0,"enemies":"3 Sentries","floor":7,"turns":5},{"damage":1,"enemies":"Blue Slaver","floor":8,"turns":2},{"damage":0,"enemies":"Large Slime","floor":10,"turns":4},{"damage":0,"enemies":"2 Fungi Beasts","floor":11,"turns":2},{"damage":6,"enemies":"Gremlin Nob","floor":12,"turns":3},{"damage":1,"enemies":"3 Louse","floor":13,"turns":4},{"damage":6,"enemies":"Lagavulin","floor":14,"turns":6},{"damage":6,"enemies":"The Guardian","floor":16,"turns":9},{"damage":5,"enemies":"Chosen","floor":18,"turns":4},{"damage":0,"enemies":"3 Byrds","floor":20,"turns":3},{"damage":22,"enemies":"Slavers","floor":23,"turns":5},{"damage":8,"enemies":"Gremlin Leader","floor":25,"turns":3},{"damage":0,"enemies":"Book of Stabbing","floor":29,"turns":3},{"damage":3,"enemies":"Centurion and Healer","floor":30,"turns":5},{"damage":0,"enemies":"Snake Plant","floor":31,"turns":2},{"damage":28,"enemies":"Champ","floor":33,"turns":4},{"damage":6,"enemies":"3 Shapes","floor":35,"turns":5},{"damage":1,"enemies":"Orb Walker","floor":36,"turns":2},{"damage":0,"enemies":"Giant Head","floor":41,"turns":5},{"damage":16,"enemies":"4 Shapes","floor":44,"turns":8},{"damage":0,"enemies":"Nemesis","floor":45,"turns":3},{"damage":4,"enemies":"Jaw Worm Horde","floor":46,"turns":5},{"damage":0,"enemies":"Transient","floor":47,"turns":6},{"damage":1,"enemies":"Spire Growth","floor":48,"turns":4},{"damage":16,"enemies":"Time Eater","floor":50,"turns":3},{"damage":22,"enemies":"Donu and Deca","floor":51,"turns":5},{"damage":14,"enemies":"Shield and Spear","floor":55,"turns":5},{"damage":50,"enemies":"The Heart","floor":56,"turns":11}],"seed_played":"5985131264892000663","neow_bonus_log":{"cardsObtained":[],"cardsUpgraded":[],"cardsRemoved":[],"cardsTransformed":[],"relicsObtained":["Calling Bell"],"maxHpGained":0,"goldGained":0,"damageTaken":0,"goldLost":0,"maxHpLost":0},"potions_obtained":[{"floor":3,"key":"SpeedPotion"},{"floor":4,"key":"Block Potion"},{"floor":7,"key":"Explosive Potion"},{"floor":10,"key":"Strength Potion"},{"floor":23,"key":"FearPotion"},{"floor":29,"key":"Swift Potion"},{"floor":33,"key":"Swift Potion"},{"floor":36,"key":"Fruit Juice"},{"floor":46,"key":"BlessingOfTheForge"},{"floor":47,"key":"FocusPotion"}],"is_trial":false,"path_per_floor":["M","M","M","M","T","R","E","M","T","M","M","E","M","E","R","B",null,"M","?","M","?","$","E","R","E","T","?","R","E","M","M","R","B",null,"M","M","$","?","$","R","E","R","T","M","E","M","M","M","R","B","B",null,"R","$","E","B",null],"character_chosen":"DEFECT","items_purchased":["Dark Shackles","Swift Potion","Frozen Eye","Capacitor","Glacier","Meteor Strike","Hologram","Energy Potion","SpeedPotion"],"campfire_rested":6,"item_purchase_floors":[22,22,22,37,39,54,54,54,54],"current_hp_per_floor":[64,59,52,46,46,46,46,45,45,45,45,39,38,32,32,26,60,55,55,55,55,55,33,54,56,56,56,80,80,77,77,77,49,73,67,66,66,66,66,81,81,81,81,65,65,61,61,60,81,65,43,72,81,86,72,34],"gold":32,"neow_bonus":"BOSS_RELIC","is_prod":false,"is_daily":false,"rewards_skipped":[],"chose_seed":false,"campfire_upgraded":2,"win_rate":0,"floor_exit_playtime":[168,221,296,495,504,512,640,733,747,905,942,1186,1271,1471,1509,1686,1805,1911,1935,2018,2073,2177,2371,2376,2542,2548,2568,2572,2644,2800,2876,2883,3012,3220,3338,3397,3431,3483,3535,3544,3667,3672,3676,3822,3908,4059,4329,4442,4473,4614,4832,4855,4952,5029,5430,6142],"timestamp":1651698325,"blue_key_relic_skipped_log":{"floor":26,"relicID":"Tiny Chest"},"path_taken":["M","M","M","M","?","R","E","M","T","M","?","E","M","E","R","BOSS","M","?","M","?","$","E","R","E","T","?","R","E","M","M","R","BOSS","M","M","$","?","$","R","E","R","T","M","E","M","?","M","R","BOSS","BOSS","R","$","E","BOSS"],"build_version":"2022-03-07","purchased_purges":3,"victory":true,"max_hp_per_floor":[71,71,71,71,71,71,71,71,71,71,71,71,71,71,71,71,71,71,71,71,71,71,71,71,81,81,81,81,81,81,81,81,81,81,81,81,81,81,81,81,81,81,81,81,81,81,81,81,81,81,81,81,81,86,86,86],"relic_stats":{"Ice Cream":[284],"Happy Flower":[36],"counters":[32,142],"Whetstone":["Lockon","Strike_B"],"Boot":[8],"Frozen Eye":564.05963,"Centennial Puzzle":[66],"Bottled Flame":"Doom and Gloom","Dream Catcher":2,"Snecko Eye":[113,101,95,96,-112],"Turnip":[13],"Art of War":[3],"obtain_stats":[{"Ice Cream":14,"Potion Belt":43,"Pear":25,"Happy Flower":12,"Whetstone":7,"Boot":29,"Calling Bell":0,"Frozen Eye":22,"Centennial Puzzle":0,"Anchor":5,"Bottled Flame":23,"Dream Catcher":45,"Snecko Eye":34,"Turnip":0,"Fusion Hammer":17,"Art of War":55,"Cracked Core":0,"Symbiotic Virus":0,"StrikeDummy":9,"Meat on the Bone":41},{"Ice Cream":11,"Potion Belt":23,"Pear":16,"Happy Flower":9,"Whetstone":5,"Boot":17,"Calling Bell":0,"Frozen Eye":14,"Centennial Puzzle":0,"Anchor":4,"Bottled Flame":15,"Dream Catcher":25,"Snecko Eye":20,"Turnip":0,"Fusion Hammer":12,"Art of War":31,"Cracked Core":0,"Symbiotic Virus":0,"StrikeDummy":6,"Meat on the Bone":23},{"Ice Cream":42,"Potion Belt":92,"Pear":66,"Happy Flower":32,"Whetstone":21,"Boot":69,"Calling Bell":0,"Frozen Eye":58,"Centennial Puzzle":0,"Anchor":16,"Bottled Flame":63,"Dream Catcher":103,"Snecko Eye":80,"Turnip":0,"Fusion Hammer":51,"Art of War":131,"Cracked Core":0,"Symbiotic Virus":0,"StrikeDummy":23,"Meat on the Bone":92}],"Meat on the Bone":12},"card_choices":[{"not_picked":["Streamline","Stack"],"picked":"White Noise","floor":1},{"not_picked":["Static Discharge","Coolheaded"],"picked":"Chill","floor":2},{"not_picked":["Gash","Steam Power"],"picked":"Doom and Gloom","floor":3},{"not_picked":["Sunder","Storm"],"picked":"Cold Snap","floor":4},{"not_picked":["Reinforced Body","Chaos"],"picked":"Lockon","floor":7},{"not_picked":["Coolheaded","Chill"],"picked":"Consume","floor":8},{"not_picked":["Gash","Compile Driver"],"picked":"Ball Lightning","floor":10},{"not_picked":["Rip and Tear","Steam Power"],"picked":"Lockon","floor":11},{"not_picked":["Gash","White Noise"],"picked":"Coolheaded","floor":12},{"not_picked":["FTL","Rebound","Fusion"],"picked":"SKIP","floor":13},{"not_picked":["Redo","Stack"],"picked":"Fission","floor":14},{"not_picked":["Amplify","Fission"],"picked":"Multi-Cast","floor":16},{"not_picked":["Streamline","Redo+1"],"picked":"Doom and Gloom+1","floor":18},{"not_picked":["Turbo","Force Field","Melter"],"picked":"SKIP","floor":20},{"not_picked":["Steam Power","Coolheaded","Rebound","Compile Driver","Steam","Lockon","FTL","Aggregate","Chill","Gash","Stack","Sweeping Beam","Fusion","Cold Snap","Streamline","Leap","Melter","Redo","Turbo"],"picked":"Undo","floor":21},{"not_picked":["Go for the Eyes","Sweeping Beam","Static Discharge"],"picked":"SKIP","floor":23},{"not_picked":["Melter","Beam Cell","Rebound"],"picked":"SKIP","floor":25},{"not_picked":["White Noise","FTL"],"picked":"Seek","floor":29},{"not_picked":["Barrage","Cold Snap","Streamline"],"picked":"SKIP","floor":30},{"not_picked":["Skim","Barrage"],"picked":"Conserve Battery+1","floor":31},{"not_picked":["Machine Learning","Buffer"],"picked":"Echo Form","floor":33},{"not_picked":["Rebound","Leap+1","Streamline"],"picked":"SKIP","floor":35},{"not_picked":["Leap","Steam","Beam Cell"],"picked":"SKIP","floor":36},{"not_picked":["Compile Driver+1","Stack+1"],"picked":"Hologram","floor":41},{"not_picked":["Heatsinks+1","Machine Learning"],"picked":"Coolheaded+1","floor":44},{"not_picked":["Rebound","Fission"],"picked":"Chaos+1","floor":45},{"not_picked":["Compile Driver","Storm"],"picked":"Double Energy","floor":46},{"not_picked":["Cold Snap+1","Glacier","Barrage"],"picked":"SKIP","floor":47},{"not_picked":["Ball Lightning+1","Gash"],"picked":"Sunder+1","floor":48},{"not_picked":["Fusion","Streamline+1"],"picked":"Tempest","floor":49},{"not_picked":["Rebound+1","Defragment"],"picked":"Hologram+1","floor":53},{"not_picked":["Ball Lightning","Compile Driver"],"picked":"Capacitor","floor":55}],"player_experience":6853708,"relics_obtained":[{"floor":0,"key":"Centennial Puzzle"},{"floor":0,"key":"Symbiotic Virus"},{"floor":0,"key":"Turnip"},{"floor":5,"key":"Anchor"},{"floor":7,"key":"Whetstone"},{"floor":9,"key":"StrikeDummy"},{"floor":12,"key":"Happy Flower"},{"floor":14,"key":"Ice Cream"},{"floor":23,"key":"Bottled Flame"},{"floor":25,"key":"Pear"},{"floor":29,"key":"Boot"},{"floor":41,"key":"Meat on the Bone"},{"floor":43,"key":"Potion Belt"},{"floor":45,"key":"Dream Catcher"},{"floor":55,"key":"Art of War"}],"event_choices":[{"damage_healed":0,"gold_gain":0,"player_choice":"Ignored","damage_taken":0,"max_hp_gain":0,"max_hp_loss":0,"event_name":"Vampires","floor":19,"gold_loss":0},{"damage_healed":0,"gold_gain":0,"player_choice":"Read","damage_taken":0,"max_hp_gain":0,"max_hp_loss":0,"event_name":"The Library","floor":21,"gold_loss":0,"cards_obtained":["Undo"]},{"cards_removed":["Strike_B"],"damage_healed":0,"gold_gain":0,"player_choice":"Elegance","damage_taken":0,"max_hp_gain":0,"max_hp_loss":0,"event_name":"Back to Basics","floor":27,"gold_loss":0},{"damage_healed":0,"gold_gain":275,"player_choice":"Desecrate","damage_taken":0,"max_hp_gain":0,"max_hp_loss":0,"event_name":"Golden Shrine","floor":38,"gold_loss":0,"cards_obtained":["Regret"]}],"is_beta":false,"boss_relics":[{"not_picked":["SacredBark","Tiny House"],"picked":"Fusion Hammer"},{"not_picked":["Black Star","SlaversCollar"],"picked":"Snecko Eye"}],"items_purged_floors":[22,37,39],"is_endless":false,"potions_floor_spawned":[3,4,7,10,23,29,33,36,46,47],"ascension_level":20}