{"gold_per_floor":[109,12,31,31,31,31,44,44,96,96,108,108,108,127,127,203,203,218,243,256,276,296,323,323,354,377,222,222,60,86,86,86,159,159,178,178,227,243,243,274,274,300,379,43,43,59,94,106,106,106,106,106,106,47,81,81],"floor_reached":57,"playtime":5022,"items_purged":["Strike_B","Turbo"],"score":3472,"play_id":"494b6bdd-3cc4-4fa3-ad10-5bee4f4aab77","local_time":"20220427160720","is_ascension_mode":true,"campfire_choices":[{"data":"Darkness","floor":6,"key":"SMITH"},{"data":"Recycle","floor":8,"key":"SMITH"},{"data":"Hologram","floor":10,"key":"SMITH"},{"data":"Skim","floor":13,"key":"SMITH"},{"data":"Hologram","floor":15,"key":"SMITH"},{"data":"Meteor Strike","floor":24,"key":"SMITH"},{"data":"Reinforced Body","floor":28,"key":"SMITH"},{"floor":32,"key":"REST"},{"floor":41,"key":"RECALL"},{"data":"Reboot","floor":49,"key":"SMITH"},{"floor":53,"key":"REST"}],"neow_cost":"TEN_PERCENT_HP_LOSS","seed_source_timestamp":1911308052883700,"circlet_count":0,"master_deck":["AscendersBane","Defend_B","Defend_B","Defend_B","Zap","Dualcast","Reboot+1","Skim+1","Hologram+1","Recycle+1","Hologram+1","Meteor Strike+1","Reinforced Body+1","Meteor Strike+1","Fission+1","Undo+1","Skim+1","Flame Barrier+1","Hologram+1"],"relics":["Cracked Core","Bag of Preparation","Snecko Eye","Red Mask","Vajra","WingedGreaves","DollysMirror","Toxic Egg 2","Enchiridion","Nuclear Battery","Thread and Needle","Oddly Smooth Stone","Nunchaku","InkBottle","PrismaticShard","Kunai","Unceasing Top"],"potions_floor_usage":[23,25,33,56],"damage_taken":[{"damage":9,"enemies":"Small Slimes","floor":1,"turns":5},{"damage":2,"enemies":"2 Louse","floor":3,"turns":3},{"damage":2,"enemies":"Jaw Worm","floor":7,"turns":3},{"damage":0,"enemies":"2 Fungi Beasts","floor":11,"turns":2},{"damage":0,"enemies":"Large Slime","floor":14,"turns":2},{"damage":11,"enemies":"The Guardian","floor":16,"turns":5},{"damage":0,"enemies":"3 Byrds","floor":18,"turns":2},{"damage":0,"enemies":"Masked Bandits","floor":19,"turns":2},{"damage":0,"enemies":"Chosen","floor":20,"turns":3},{"damage":8,"enemies":"Snake Plant","floor":21,"turns":2},{"damage":12,"enemies":"Chosen and Byrds","floor":22,"turns":4},{"damage":0,"enemies":"Book of Stabbing","floor":23,"turns":2},{"damage":0,"enemies":"Gremlin Leader","floor":25,"turns":3},{"damage":3,"enemies":"Slavers","floor":30,"turns":3},{"damage":0,"enemies":"Collector","floor":33,"turns":3},{"damage":0,"enemies":"3 Darklings","floor":35,"turns":2},{"damage":0,"enemies":"2 Orb Walkers","floor":37,"turns":1},{"damage":0,"enemies":"Orb Walker","floor":38,"turns":1},{"damage":0,"enemies":"Nemesis","floor":40,"turns":3},{"damage":0,"enemies":"Giant Head","floor":42,"turns":2},{"damage":0,"enemies":"Maw","floor":46,"turns":1},{"damage":0,"enemies":"Nemesis","floor":47,"turns":3},{"damage":0,"enemies":"Spire Growth","floor":48,"turns":1},{"damage":0,"enemies":"Donu and Deca","floor":50,"turns":1},{"damage":0,"enemies":"Time Eater","floor":51,"turns":6},{"damage":0,"enemies":"Shield and Spear","floor":55,"turns":2},{"damage":3,"enemies":"The Heart","floor":56,"turns":3}],"seed_played":"755343927126831560","potions_obtained":[{"floor":1,"key":"PowerPotion"},{"floor":14,"key":"Energy Potion"},{"floor":23,"key":"Swift Potion"},{"floor":25,"key":"Dexterity Potion"},{"floor":30,"key":"DuplicationPotion"},{"floor":35,"key":"AttackPotion"},{"floor":42,"key":"Energy Potion"}],"is_trial":false,"path_per_floor":["M","$","M","?","?","R","M","R","T","R","M","?","R","M","R","B",null,"M","?","M","M","M","E","R","E","T","$","R","$","E","?","R","B",null,"M","?","?","M","?","E","R","E","T","$","?","M","E","M","R","B","B",null,"R","$","E","B",null],"character_chosen":"DEFECT","items_purchased":["Hologram","Recycle","Reinforced Body","DollysMirror","Skim+1","PrismaticShard","Hologram+1"],"campfire_rested":2,"item_purchase_floors":[2,2,27,29,44,44,54],"current_hp_per_floor":[55,55,53,58,51,51,49,49,49,49,49,49,49,49,49,38,61,61,61,61,53,41,41,41,41,41,41,41,41,38,17,37,37,61,61,61,61,61,51,51,51,51,51,51,51,51,51,51,51,51,51,65,69,69,69,66],"gold":81,"neow_bonus":"TRANSFORM_TWO_CARDS","is_prod":false,"is_daily":false,"chose_seed":false,"campfire_upgraded":8,"win_rate":0,"timestamp":1651090040,"path_taken":["M","$","M","?","?","R","M","R","T","R","M","?","R","?","R","BOSS","M","?","M","M","M","E","R","E","T","$","R","$","E","?","R","BOSS","M","?","?","M","?","E","R","E","T","$","?","M","E","M","R","BOSS","BOSS","R","$","E","BOSS"],"build_version":"2022-03-07","purchased_purges":2,"victory":true,"max_hp_per_floor":[64,64,64,69,69,69,69,69,69,69,69,69,69,69,69,69,69,69,69,69,69,69,69,69,69,69,69,69,69,69,69,69,69,69,69,69,69,69,69,69,69,69,69,69,69,69,69,69,69,69,69,69,69,69,69,69],"relic_stats":{"Nunchaku":[11],"counters":[27,70],"Snecko Eye":[196,213,215,193,157],"WingedGreaves":1,"Bag of Preparation":[48],"Kunai":[26],"obtain_stats":[{"Vajra":23,"Enchiridion":31,"Oddly Smooth Stone":40,"Thread and Needle":37,"Bag of Preparation":9,"PrismaticShard":44,"Nuclear Battery":34,"Nunchaku":42,"DollysMirror":29,"Snecko Eye":17,"WingedGreaves":25,"Red Mask":19,"Kunai":47,"Toxic Egg 2":30,"Cracked Core":0,"InkBottle":43,"Unceasing Top":55},{"Vajra":12,"Enchiridion":14,"Oddly Smooth Stone":19,"Thread and Needle":17,"Bag of Preparation":3,"PrismaticShard":20,"Nuclear Battery":15,"Nunchaku":20,"DollysMirror":13,"Snecko Eye":6,"WingedGreaves":13,"Red Mask":8,"Kunai":22,"Toxic Egg 2":14,"Cracked Core":0,"InkBottle":20,"Unceasing Top":26},{"Vajra":35,"Enchiridion":41,"Oddly Smooth Stone":51,"Thread and Needle":47,"Bag of Preparation":11,"PrismaticShard":53,"Nuclear Battery":44,"Nunchaku":53,"DollysMirror":38,"Snecko Eye":20,"WingedGreaves":38,"Red Mask":24,"Kunai":57,"Toxic Egg 2":41,"Cracked Core":0,"InkBottle":53,"Unceasing Top":67}],"InkBottle":[37],"Unceasing Top":[0]},"card_choices":[{"not_picked":["Sweeping Beam","Aggregate"],"picked":"Darkness","floor":1},{"not_picked":["Steam","Ball Lightning"],"picked":"Hologram","floor":3},{"not_picked":["Steam","Ball Lightning"],"picked":"Turbo","floor":7},{"not_picked":["Reinforced Body","Defragment","Go for the Eyes"],"picked":"SKIP","floor":11},{"not_picked":["Go for the Eyes","Hologram","Steam"],"picked":"SKIP","floor":14},{"not_picked":["Amplify","Core Surge"],"picked":"Meteor Strike","floor":16},{"not_picked":["Ball Lightning","Auto Shields","Capacitor"],"picked":"SKIP","floor":18},{"not_picked":["Rip and Tear","Genetic Algorithm","Redo"],"picked":"SKIP","floor":20},{"not_picked":["Redo","Auto Shields","Recycle+1"],"picked":"SKIP","floor":22},{"not_picked":["Biased Cognition","Ball Lightning","Lockon+1"],"picked":"SKIP","floor":23},{"not_picked":["Compile Driver","Cold Snap","Leap"],"picked":"SKIP","floor":25},{"not_picked":["Compile Driver","Cold Snap","Leap"],"picked":"SKIP","floor":25},{"not_picked":["Turbo+1","Hyperbeam","Darkness+1"],"picked":"SKIP","floor":30},{"not_picked":["Core Surge","Thunder Strike"],"picked":"Fission+1","floor":33},{"not_picked":["Redo+1","Compile Driver","Chill+1"],"picked":"SKIP","floor":35},{"not_picked":["Stack+1","Ball Lightning+1","Go for the Eyes"],"picked":"SKIP","floor":38},{"not_picked":["Gash","Barrage","Blizzard"],"picked":"SKIP","floor":40},{"not_picked":["Gash","Barrage","Blizzard"],"picked":"SKIP","floor":40},{"not_picked":["Steam Power+1","Rebound"],"picked":"Undo+1","floor":42},{"not_picked":["Thunderclap+1","Underhanded Strike+1","EmptyFist"],"picked":"SKIP","floor":46},{"not_picked":["Dagger Spray","Judgement+1","Sucker Punch+1"],"picked":"SKIP","floor":47},{"not_picked":["Armaments+1","Prostrate+1"],"picked":"Flame Barrier+1","floor":48},{"not_picked":["Gash","Inflame","Iron Wave"],"picked":"SKIP","floor":55}],"player_experience":6778173,"relics_obtained":[{"floor":9,"key":"Bag of Preparation"},{"floor":19,"key":"Red Mask"},{"floor":23,"key":"Vajra"},{"floor":25,"key":"WingedGreaves"},{"floor":30,"key":"Toxic Egg 2"},{"floor":31,"key":"Enchiridion"},{"floor":37,"key":"Thread and Needle"},{"floor":40,"key":"Oddly Smooth Stone"},{"floor":42,"key":"Nunchaku"},{"floor":43,"key":"InkBottle"},{"floor":47,"key":"Kunai"},{"floor":55,"key":"Unceasing Top"}],"event_choices":[{"damage_healed":0,"gold_gain":0,"player_choice":"Donut","damage_taken":0,"max_hp_gain":5,"max_hp_loss":0,"event_name":"Big Fish","floor":4,"gold_loss":0},{"cards_removed":["Defend_B"],"damage_healed":0,"gold_gain":0,"player_choice":"Card Removal","damage_taken":7,"max_hp_gain":0,"max_hp_loss":0,"event_name":"Golden Wing","floor":5,"gold_loss":0},{"damage_healed":0,"gold_gain":0,"player_choice":"Ignored","damage_taken":0,"max_hp_gain":0,"max_hp_loss":0,"event_name":"Liars Game","floor":12,"gold_loss":0},{"damage_healed":0,"gold_gain":0,"player_choice":"Fought Bandits","damage_taken":0,"max_hp_gain":0,"max_hp_loss":0,"event_name":"Masked Bandits","floor":19,"gold_loss":0},{"damage_healed":0,"gold_gain":0,"player_choice":"Obtained Book","damage_taken":21,"max_hp_gain":0,"max_hp_loss":0,"event_name":"Cursed Tome","floor":31,"gold_loss":0},{"cards_removed":["Darkness"],"damage_healed":0,"gold_gain":0,"player_choice":"Removed Skill","damage_taken":0,"max_hp_gain":0,"max_hp_loss":0,"event_name":"Falling","floor":36,"gold_loss":0},{"damage_healed":0,"gold_gain":0,"player_choice":"Fight","damage_taken":0,"max_hp_gain":0,"max_hp_loss":0,"event_name":"Mysterious Sphere","floor":37,"gold_loss":0},{"damage_healed":0,"gold_gain":0,"player_choice":"Memory 3","damage_taken":10,"max_hp_gain":0,"max_hp_loss":0,"event_name":"SensoryStone","floor":39,"gold_loss":0},{"cards_removed":["Strike_B"],"damage_healed":0,"gold_gain":0,"player_choice":"Purged","damage_taken":0,"max_hp_gain":0,"max_hp_loss":0,"event_name":"Purifier","floor":45,"gold_loss":0}],"is_beta":false,"boss_relics":[{"not_picked":["Ectoplasm","Astrolabe"],"picked":"Snecko Eye"},{"not_picked":["Pandora\u0027s Box","Inserter"],"picked":"Nuclear Battery"}],"items_purged_floors":[27,44],"is_endless":false,"potions_floor_spawned":[1,14,20,23,25,30,35,42,48],"ascension_level":20}