{"gold_per_floor":[119,119,133,146,161,161,184,215,215,215,229,229,260,278,278,355,355,370,390,184,197,208,208,39,72,72,91,91,107,107,107,107,184,184,200,125,141,159,175,175],"floor_reached":40,"playtime":4518,"items_purged":["Strike_B"],"score":1044,"play_id":"d6daf2f8-1679-44bd-80bf-4c9a19dcc253","local_time":"20220504151342","is_ascension_mode":true,"campfire_choices":[{"data":"Beam Cell","floor":6,"key":"SMITH"},{"data":"Defragment","floor":10,"key":"SMITH"},{"data":"Barrage","floor":15,"key":"SMITH"},{"data":"Electrodynamics","floor":23,"key":"SMITH"},{"data":"Biased Cognition","floor":28,"key":"SMITH"},{"data":"Turbo","floor":30,"key":"SMITH"},{"data":"Dualcast","floor":32,"key":"SMITH"}],"neow_cost":"NONE","seed_source_timestamp":2513401133625400,"shop_contents":[{"floor":20,"relics":["Prayer Wheel","Orichalcum","TheAbacus"],"cards":["Rip and Tear","Leap","Hologram","Dramatic Entrance","Thinking Ahead"],"potions":["FearPotion","LiquidMemories","SmokeBomb"]},{"floor":24,"relics":["Gremlin Horn","Potion Belt"],"cards":["Gash","Lockon","Coolheaded","Redo","Static Discharge","Deep Breath","Secret Technique"],"potions":["BlessingOfTheForge","SteroidPotion","DistilledChaos"]},{"floor":36,"relics":["Molten Egg 2","Mummified Hand","Strange Spoon"],"cards":["FTL","Compile Driver","Steam","Conserve Battery","Loop","Enlightenment","Violence"],"potions":["DuplicationPotion","LiquidMemories","LiquidBronze"]}],"circlet_count":0,"master_deck":["AscendersBane","Strike_B","Strike_B","Defend_B","Defend_B","Defend_B","Defend_B","Zap","Dualcast+1","Defragment+1","Cold Snap","Go for the Eyes","Beam Cell+1","Barrage+1","Glacier","Biased Cognition+1","Beam Cell","Self Repair","Rainbow","Recycle+1","Ball Lightning","Electrodynamics+1","Skim","Coolheaded+1","Compile Driver","Turbo+1","Meteor Strike","Hologram","Sunder","Hologram"],"potion_use_per_floor":[[],[],[],[],[],[],["ColorlessPotion"],["Weak Potion"],[],[],["Regen Potion"],[],[],[],[],[],[],[],[],[],[],[],[],[],[],[],[],[],[],[],[],[],["Swift Potion"],[],[],[],[],[],["SkillPotion"],[]],"relics":["Cracked Core","Odd Mushroom","Cables","Unceasing Top","FossilizedHelix","Cursed Key","Frozen Eye","Meat on the Bone","Snecko Eye"],"potions_floor_usage":[7,8,11,33,39],"damage_taken":[{"damage":0,"enemies":"2 Louse","floor":1,"turns":2},{"damage":4,"enemies":"Jaw Worm","floor":3,"turns":3},{"damage":0,"enemies":"Cultist","floor":4,"turns":3},{"damage":1,"enemies":"2 Fungi Beasts","floor":5,"turns":3},{"damage":18,"enemies":"The Mushroom Lair","floor":7,"turns":4},{"damage":18,"enemies":"Gremlin Nob","floor":8,"turns":4},{"damage":25,"enemies":"Gremlin Gang","floor":11,"turns":6},{"damage":8,"enemies":"Lagavulin","floor":13,"turns":6},{"damage":0,"enemies":"Red Slaver","floor":14,"turns":3},{"damage":0,"enemies":"The Guardian","floor":16,"turns":13},{"damage":0,"enemies":"2 Thieves","floor":18,"turns":3},{"damage":17,"enemies":"3 Byrds","floor":19,"turns":3},{"damage":0,"enemies":"Centurion and Healer","floor":21,"turns":4},{"damage":8,"enemies":"Snake Plant","floor":22,"turns":5},{"damage":0,"enemies":"Gremlin Leader","floor":25,"turns":3},{"damage":0,"enemies":"3 Cultists","floor":27,"turns":5},{"damage":5,"enemies":"Chosen and Byrds","floor":29,"turns":4},{"damage":14,"enemies":"Champ","floor":33,"turns":13},{"damage":0,"enemies":"3 Shapes","floor":35,"turns":2},{"damage":0,"enemies":"3 Darklings","floor":37,"turns":3},{"damage":0,"enemies":"Transient","floor":38,"turns":6},{"damage":0,"enemies":"Writhing Mass","floor":39,"turns":6},{"damage":89,"enemies":"Nemesis","floor":40,"turns":8}],"seed_played":"-7057704867037725056","neow_bonus_log":{"cardsObtained":[],"cardsUpgraded":[],"cardsRemoved":[],"cardsTransformed":[],"relicsObtained":[],"maxHpGained":0,"goldGained":0,"damageTaken":0,"goldLost":0,"maxHpLost":0},"potions_obtained":[{"floor":4,"key":"ColorlessPotion"},{"floor":7,"key":"Weak Potion"},{"floor":8,"key":"Regen Potion"},{"floor":14,"key":"Explosive Potion"},{"floor":19,"key":"Swift Potion"},{"floor":33,"key":"Ancient Potion"},{"floor":37,"key":"SkillPotion"},{"floor":39,"key":"Strength Potion"}],"is_trial":false,"path_per_floor":["M","?","M","M","M","R","?","E","T","R","M","?","E","M","R","B",null,"M","M","$","M","M","R","$","E","T","M","R","M","R","?","R","B",null,"M","$","M","M","M","E"],"character_chosen":"DEFECT","items_purchased":["Ball Lightning","Electrodynamics","Frozen Eye"],"campfire_rested":0,"item_purchase_floors":[20,20,24],"current_hp_per_floor":[64,59,55,55,54,54,36,18,18,18,8,71,63,63,63,70,71,71,54,54,61,60,60,60,67,67,71,71,71,71,71,71,64,69,71,71,71,71,71,0],"gold":175,"neow_bonus":"THREE_CARDS","is_prod":false,"is_daily":false,"rewards_skipped":[{"floor":21,"relics":[],"potions":["CultistPotion"]},{"floor":29,"relics":[],"potions":["SteroidPotion"]}],"chose_seed":false,"campfire_upgraded":7,"win_rate":0,"floor_exit_playtime":[343,402,501,594,773,781,911,1070,1151,1159,1404,1461,1575,1660,1685,1937,2212,2302,2389,2465,2547,2688,2696,2732,2841,2851,3016,3024,3204,3214,3239,3255,3567,3689,3766,3887,3974,4136,4288],"timestamp":1651691622,"path_taken":["M","?","M","M","M","R","?","E","T","R","M","?","E","M","R","BOSS","M","?","$","M","M","R","$","E","T","M","R","M","R","?","R","BOSS","M","$","M","?","M","E"],"build_version":"2022-03-07","purchased_purges":1,"victory":false,"max_hp_per_floor":[71,71,71,71,71,71,71,71,71,71,71,71,71,71,71,71,71,71,71,71,71,71,71,71,71,71,71,71,71,71,71,71,71,71,71,71,71,71,71,71],"relic_stats":{"Frozen Eye":220.27249,"counters":[23,112],"Snecko Eye":[46,56,59,51,-97],"Cursed Key":0,"obtain_stats":[{"Frozen Eye":24,"Snecko Eye":34,"Odd Mushroom":7,"Cracked Core":0,"Cursed Key":17,"Unceasing Top":9,"FossilizedHelix":13,"Cables":8,"Meat on the Bone":25},{"Frozen Eye":14,"Snecko Eye":18,"Odd Mushroom":5,"Cracked Core":0,"Cursed Key":10,"Unceasing Top":6,"FossilizedHelix":8,"Cables":6,"Meat on the Bone":15},{"Frozen Eye":62,"Snecko Eye":87,"Odd Mushroom":15,"Cracked Core":0,"Cursed Key":47,"Unceasing Top":19,"FossilizedHelix":31,"Cables":19,"Meat on the Bone":65}],"Unceasing Top":[19],"FossilizedHelix":[151],"Cables":[85,40,29,7,9],"Meat on the Bone":0},"card_choices":[{"not_picked":["FTL","Hologram"],"picked":"Defragment","floor":0},{"not_picked":["Redo","Steam Power"],"picked":"Defragment","floor":1},{"not_picked":["Skim","Ball Lightning"],"picked":"Cold Snap","floor":3},{"not_picked":["Stack","Undo"],"picked":"Go for the Eyes","floor":4},{"not_picked":["Barrage","Turbo"],"picked":"Beam Cell","floor":5},{"not_picked":["Genetic Algorithm","Leap"],"picked":"Barrage","floor":7},{"not_picked":["Cold Snap","Capacitor"],"picked":"Glacier","floor":8},{"not_picked":["Conserve Battery","Doom and Gloom"],"picked":"Biased Cognition","floor":11},{"not_picked":["Thunder Strike","Steam"],"picked":"Beam Cell","floor":13},{"not_picked":["Force Field","Barrage"],"picked":"Self Repair","floor":14},{"not_picked":["Meteor Strike","Fission"],"picked":"Rainbow","floor":16},{"not_picked":["Static Discharge","Leap","Steam"],"picked":"SKIP","floor":18},{"not_picked":["Fusion","Conserve Battery"],"picked":"Recycle+1","floor":19},{"not_picked":["Gash","Leap"],"picked":"Skim","floor":21},{"not_picked":["Hologram","Cold Snap"],"picked":"Coolheaded+1","floor":22},{"not_picked":["Multi-Cast","Redo"],"picked":"Compile Driver","floor":25},{"not_picked":["Leap","Sweeping Beam","Gash"],"picked":"SKIP","floor":27},{"not_picked":["Gash","Go for the Eyes+1"],"picked":"Turbo","floor":29},{"not_picked":["Buffer","Rainbow"],"picked":"Meteor Strike","floor":33},{"not_picked":["Undo","Loop"],"picked":"Hologram","floor":35},{"not_picked":["Steam Power","Chaos"],"picked":"Sunder","floor":37},{"not_picked":["Self Repair","Turbo","Steam"],"picked":"SKIP","floor":38},{"not_picked":["Go for the Eyes","Barrage"],"picked":"Hologram","floor":39}],"player_experience":6849190,"relics_obtained":[{"floor":7,"key":"Odd Mushroom"},{"floor":8,"key":"Cables"},{"floor":9,"key":"Unceasing Top"},{"floor":13,"key":"FossilizedHelix"},{"floor":25,"key":"Meat on the Bone"}],"event_choices":[{"damage_healed":0,"gold_gain":0,"player_choice":"Fled","damage_taken":5,"max_hp_gain":0,"max_hp_loss":0,"event_name":"Scrap Ooze","floor":2,"gold_loss":0},{"damage_healed":0,"gold_gain":0,"player_choice":"Fought Mushrooms","damage_taken":0,"max_hp_gain":0,"max_hp_loss":0,"event_name":"Mushrooms","floor":7,"gold_loss":0},{"cards_removed":["Defragment"],"damage_healed":63,"gold_gain":0,"player_choice":"Offered Uncommon","damage_taken":0,"max_hp_gain":0,"max_hp_loss":0,"event_name":"Bonfire Elementals","floor":12,"gold_loss":0},{"cards_removed":["Strike_B"],"damage_healed":0,"gold_gain":0,"player_choice":"Card Removal","damage_taken":0,"max_hp_gain":0,"max_hp_loss":0,"event_name":"Wheel of Change","floor":31,"gold_loss":0}],"is_beta":false,"boss_relics":[{"not_picked":["Calling Bell","Black Star"],"picked":"Cursed Key"},{"not_picked":["Velvet Choker","Inserter"],"picked":"Snecko Eye"}],"items_purged_floors":[36],"is_endless":false,"potions_floor_spawned":[4,7,8,14,19,21,29,33,37,39],"killed_by":"Nemesis","ascension_level":20}