{"gold_per_floor":[115,9,9,22,42,42,60,95,163,163,179,179,190,160,160,235,235,249,9,9,22,32,32,57,69,69,69,69,102,102,434,434,508,508,520,530,550,562,573,599,599,615,615,634,666,681,701,714,714,714,714,714,714,1,36,36],"floor_reached":57,"playtime":9852,"items_purged":["Defend_B","Writhe"],"score":2810,"play_id":"98ac8d7d-5572-4a0f-8f1f-4ca37776367f","local_time":"20220504140724","is_ascension_mode":true,"campfire_choices":[{"data":"Coolheaded","floor":6,"key":"SMITH"},{"data":"Skim","floor":10,"key":"SMITH"},{"data":"Force Field","floor":15,"key":"SMITH"},{"data":"Hyperbeam","floor":23,"key":"SMITH"},{"data":"Consume","floor":30,"key":"SMITH"},{"data":"Darkness","floor":32,"key":"SMITH"},{"data":"Aggregate","floor":41,"key":"SMITH"},{"floor":49,"key":"RECALL"},{"data":"Heatsinks","floor":53,"key":"SMITH"}],"neow_cost":"NONE","seed_source_timestamp":1071886284438400,"shop_contents":[{"floor":2,"relics":["CaptainsWheel","Incense Burner","PrismaticShard"],"cards":["Compile Driver","Stack","Defragment","PanicButton","Secret Technique"],"potions":["Fruit Juice","BlessingOfTheForge","DuplicationPotion"]},{"floor":19,"relics":["Ancient Tea Set","Blood Vial"],"cards":["Go for the Eyes","Gash","Leap","Conserve Battery","Heatsinks","PanicButton","Secret Weapon"],"potions":["Ancient Potion","PowerPotion","Regen Potion"]},{"floor":54,"relics":["Blue Candle"],"cards":["Rebound+1","White Noise","Force Field","Buffer","Impatience","Master of Strategy"],"potions":["EssenceOfDarkness"]}],"circlet_count":0,"master_deck":["AscendersBane","Strike_B","Strike_B","Strike_B","Strike_B","Defend_B","Defend_B","Defend_B","Dualcast","Self Repair","Ball Lightning","Coolheaded+1","Skim+1","Ball Lightning","Echo Form","Conserve Battery","Force Field+1","Hyperbeam+1","Self Repair","Fusion","Darkness+1","Force Field","Creative AI","Consume+1","Heatsinks+1","Compile Driver","Creative AI","Coolheaded","Glacier","Compile Driver","Aggregate+1","Genetic Algorithm+1","Capacitor+1","Force Field","Lockon+1","Compile Driver+1","Barrage+1"],"potion_use_per_floor":[[],[],[],[],[],[],[],["SteroidPotion"],[],[],[],[],[],[],[],["Fruit Juice"],[],[],[],[],[],[],[],["EssenceOfDarkness"],[],[],[],[],[],[],["SteroidPotion"],[],[],[],[],[],[],[],[],["PowerPotion"],[],[],[],[],[],["Energy Potion"],[],[],[],[],[],[],[],[],[],["FocusPotion","Weak Potion"],[]],"relics":["Snecko Eye","Gremlin Horn","StrikeDummy","Nuclear Battery","Runic Capacitor","Anchor","Oddly Smooth Stone","Calipers","Boot","Old Coin","Philosopher\u0027s Stone","Toy Ornithopter","Molten Egg 2","InkBottle","Lee\u0027s Waffle","Bottled Tornado"],"potions_floor_usage":[8,16,24,31,40,46,56,56],"damage_taken":[{"damage":3,"enemies":"Small Slimes","floor":1,"turns":3},{"damage":0,"enemies":"2 Louse","floor":4,"turns":2},{"damage":2,"enemies":"Cultist","floor":5,"turns":4},{"damage":1,"enemies":"2 Fungi Beasts","floor":7,"turns":3},{"damage":8,"enemies":"Gremlin Nob","floor":8,"turns":3},{"damage":9,"enemies":"Lots of Slimes","floor":11,"turns":5},{"damage":0,"enemies":"3 Louse","floor":13,"turns":3},{"damage":15,"enemies":"Hexaghost","floor":16,"turns":9},{"damage":11,"enemies":"2 Thieves","floor":18,"turns":3},{"damage":22,"enemies":"Spheric Guardian","floor":21,"turns":4},{"damage":13,"enemies":"Centurion and Healer","floor":22,"turns":8},{"damage":21,"enemies":"Book of Stabbing","floor":24,"turns":4},{"damage":12,"enemies":"Shelled Parasite and Fungi","floor":25,"turns":8},{"damage":40,"enemies":"Gremlin Leader","floor":29,"turns":9},{"damage":38,"enemies":"Slavers","floor":31,"turns":13},{"damage":14,"enemies":"Champ","floor":33,"turns":13},{"damage":41,"enemies":"3 Darklings","floor":35,"turns":11},{"damage":10,"enemies":"Orb Walker","floor":36,"turns":3},{"damage":0,"enemies":"Sphere and 2 Shapes","floor":37,"turns":4},{"damage":27,"enemies":"Transient","floor":38,"turns":6},{"damage":29,"enemies":"Maw","floor":39,"turns":9},{"damage":14,"enemies":"Reptomancer","floor":40,"turns":14},{"damage":7,"enemies":"Spire Growth","floor":42,"turns":6},{"damage":35,"enemies":"4 Shapes","floor":44,"turns":8},{"damage":0,"enemies":"Nemesis","floor":45,"turns":9},{"damage":15,"enemies":"Writhing Mass","floor":46,"turns":8},{"damage":0,"enemies":"Spire Growth","floor":47,"turns":7},{"damage":6,"enemies":"Maw","floor":48,"turns":7},{"damage":17,"enemies":"Donu and Deca","floor":50,"turns":13},{"damage":20,"enemies":"Time Eater","floor":51,"turns":12},{"damage":47,"enemies":"Shield and Spear","floor":55,"turns":16},{"damage":47,"enemies":"The Heart","floor":56,"turns":9}],"seed_played":"-6946402580932395071","neow_bonus_log":{"cardsObtained":[],"cardsUpgraded":[],"cardsRemoved":[],"cardsTransformed":[],"relicsObtained":["Snecko Eye"],"maxHpGained":0,"goldGained":0,"damageTaken":0,"goldLost":0,"maxHpLost":0},"potions_obtained":[{"floor":7,"key":"SteroidPotion"},{"floor":11,"key":"SmokeBomb"},{"floor":14,"key":"Fruit Juice"},{"floor":14,"key":"PotionOfCapacity"},{"floor":16,"key":"EssenceOfDarkness"},{"floor":18,"key":"LiquidBronze"},{"floor":21,"key":"SteroidPotion"},{"floor":31,"key":"PowerPotion"},{"floor":33,"key":"Energy Potion"},{"floor":44,"key":"LiquidBronze"},{"floor":46,"key":"Dexterity Potion"},{"floor":47,"key":"FocusPotion"}],"is_trial":false,"path_per_floor":["M","$","?","M","M","R","M","E","T","R","M","?","M","?","R","B",null,"M","$","?","M","M","R","E","M","T","?","?","E","R","E","R","B",null,"M","M","M","M","M","E","R","M","T","M","E","M","M","M","R","B","B",null,"R","$","E","B",null],"character_chosen":"DEFECT","items_purchased":["Ball Lightning","Coolheaded","Runic Capacitor","Weak Potion","InkBottle","Barrage+1","Lee\u0027s Waffle","FocusPotion"],"campfire_rested":0,"item_purchase_floors":[2,2,19,54,54,54,54,54],"current_hp_per_floor":[61,61,61,68,71,71,71,63,63,63,68,68,71,71,71,68,74,70,70,70,62,76,76,62,76,76,76,76,57,57,47,47,61,72,59,63,76,63,62,76,76,76,76,69,76,76,76,76,76,76,76,76,76,83,64,34],"gold":36,"neow_bonus":"BOSS_RELIC","is_prod":false,"is_daily":false,"rewards_skipped":[{"floor":36,"relics":[],"potions":["Strength Potion"]},{"floor":48,"relics":[],"potions":["EssenceOfSteel"]}],"chose_seed":false,"campfire_upgraded":8,"win_rate":0,"floor_exit_playtime":[954,1026,1050,1145,1236,1270,1329,1434,1484,1494,1628,1746,1830,1854,1881,2151,2236,2322,2413,2429,2525,2762,2769,2952,3150,3161,3201,3225,3653,3672,3993,4043,4758,4965,5411,5543,5687,5926,6171,6648,6693,6867,6872,7125,7367,7569,7741,7902,7906,8284,8557,8569,8582,8727,9434,9852],"timestamp":1651687644,"blue_key_relic_skipped_log":{"floor":43,"relicID":"Bottled Flame"},"path_taken":["M","$","?","M","M","R","M","E","T","R","M","?","M","?","R","BOSS","M","$","?","?","M","R","E","M","T","?","?","E","R","E","R","BOSS","M","M","M","M","M","E","R","?","T","M","E","M","M","M","R","BOSS","BOSS","R","$","E","BOSS"],"build_version":"2022-03-07","purchased_purges":2,"victory":true,"max_hp_per_floor":[71,71,71,71,71,71,71,71,71,71,71,71,71,71,71,76,76,76,76,76,76,76,76,76,76,76,76,76,76,76,76,76,76,76,76,76,76,76,76,76,76,76,76,76,76,76,76,76,76,76,76,76,76,83,83,83],"relic_stats":{"Lee\u0027s Waffle":7,"Calipers":[11348],"Gremlin Horn":[34,41],"counters":[32,235],"Snecko Eye":[502,512,523,540,-440],"Bottled Tornado":"Echo Form","Boot":[48],"obtain_stats":[{"Lee\u0027s Waffle":54,"Calipers":27,"Gremlin Horn":8,"Oddly Smooth Stone":26,"Runic Capacitor":19,"Bottled Tornado":55,"Boot":29,"Nuclear Battery":17,"Old Coin":31,"Anchor":24,"Snecko Eye":0,"Philosopher\u0027s Stone":34,"Molten Egg 2":45,"Cracked Core":0,"StrikeDummy":9,"Toy Ornithopter":40,"InkBottle":54},{"Lee\u0027s Waffle":30,"Calipers":13,"Gremlin Horn":5,"Oddly Smooth Stone":13,"Runic Capacitor":9,"Bottled Tornado":31,"Boot":14,"Nuclear Battery":8,"Old Coin":15,"Anchor":12,"Snecko Eye":0,"Philosopher\u0027s Stone":16,"Molten Egg 2":25,"Cracked Core":0,"StrikeDummy":5,"Toy Ornithopter":22,"InkBottle":30},{"Lee\u0027s Waffle":210,"Calipers":59,"Gremlin Horn":15,"Oddly Smooth Stone":59,"Runic Capacitor":35,"Bottled Tornado":226,"Boot":68,"Nuclear Battery":32,"Old Coin":81,"Anchor":51,"Snecko Eye":0,"Philosopher\u0027s Stone":94,"Molten Egg 2":163,"Cracked Core":0,"StrikeDummy":15,"Toy Ornithopter":140,"InkBottle":210}],"Toy Ornithopter":10,"InkBottle":[14]},"card_choices":[{"not_picked":["Leap","Compile Driver"],"picked":"Self Repair","floor":1},{"not_picked":["Beam Cell","Leap"],"picked":"Skim","floor":4},{"not_picked":["Conserve Battery","Heatsinks"],"picked":"Ball Lightning","floor":5},{"not_picked":["Redo","Stack"],"picked":"Echo Form","floor":7},{"not_picked":["Streamline","Beam Cell"],"picked":"Conserve Battery","floor":8},{"not_picked":["Loop","Coolheaded","Ball Lightning"],"picked":"SKIP","floor":11},{"not_picked":["Barrage","Stack"],"picked":"Force Field","floor":13},{"not_picked":["Core Surge","Multi-Cast"],"picked":"Hyperbeam","floor":16},{"not_picked":["Steam","Rebound"],"picked":"Self Repair","floor":18},{"not_picked":["Conserve Battery","Coolheaded"],"picked":"Fusion","floor":21},{"not_picked":["Force Field","Streamline"],"picked":"Darkness","floor":22},{"not_picked":["Steam","Double Energy"],"picked":"Force Field","floor":24},{"not_picked":["Streamline","Rip and Tear+1"],"picked":"Creative AI","floor":25},{"not_picked":["Hologram","Auto Shields","Force Field","Tempest","Static Discharge","Barrage","Fusion","Rebound","Coolheaded","Genetic Algorithm","Go for the Eyes","Skim","Leap","Redo","Hello World","Stack","Streamline","Conserve Battery","Loop"],"picked":"Consume","floor":28},{"not_picked":["Coolheaded","Reinforced Body"],"picked":"Heatsinks","floor":29},{"not_picked":["Redo","Rebound"],"picked":"Compile Driver","floor":31},{"not_picked":["Reboot","Rainbow"],"picked":"Creative AI","floor":33},{"not_picked":["Chaos+1","Sweeping Beam","Rebound+1"],"picked":"SKIP","floor":35},{"not_picked":["Chaos+1","Sweeping Beam","Rebound+1"],"picked":"SKIP","floor":35},{"not_picked":["Gash+1","Rip and Tear"],"picked":"Coolheaded","floor":36},{"not_picked":["Melter","Self Repair","Undo"],"picked":"SKIP","floor":37},{"not_picked":["Beam Cell+1","Compile Driver"],"picked":"Glacier","floor":38},{"not_picked":["Chill","Steam"],"picked":"Compile Driver","floor":39},{"not_picked":["Coolheaded","BootSequence+1"],"picked":"Aggregate","floor":40},{"not_picked":["Compile Driver","Static Discharge"],"picked":"Genetic Algorithm+1","floor":42},{"not_picked":["Fusion+1","Gash","Leap"],"picked":"SKIP","floor":44},{"not_picked":["Hologram","Hyperbeam+1"],"picked":"Capacitor+1","floor":45},{"not_picked":["Fusion","Sweeping Beam+1"],"picked":"Force Field","floor":46},{"not_picked":["Redo","Gash+1"],"picked":"Lockon+1","floor":47},{"not_picked":["Chaos","Melter+1"],"picked":"Compile Driver+1","floor":48},{"not_picked":["Beam Cell+1","Undo","Gash+1"],"picked":"SKIP","floor":55}],"player_experience":12804685,"relics_obtained":[{"floor":8,"key":"Gremlin Horn"},{"floor":9,"key":"StrikeDummy"},{"floor":24,"key":"Anchor"},{"floor":26,"key":"Oddly Smooth Stone"},{"floor":29,"key":"Boot"},{"floor":31,"key":"Old Coin"},{"floor":40,"key":"Toy Ornithopter"},{"floor":45,"key":"Molten Egg 2"},{"floor":55,"key":"Bottled Tornado"}],"event_choices":[{"damage_healed":0,"gold_gain":0,"player_choice":"Ignored","damage_taken":0,"max_hp_gain":0,"max_hp_loss":0,"event_name":"Shining Light","floor":3,"gold_loss":0},{"cards_removed":["Zap"],"damage_healed":0,"gold_gain":0,"player_choice":"Forget","damage_taken":0,"max_hp_gain":0,"max_hp_loss":0,"event_name":"Living Wall","floor":12,"gold_loss":0},{"damage_healed":0,"gold_gain":0,"player_choice":"Bought 2 Potions","damage_taken":0,"max_hp_gain":0,"max_hp_loss":0,"event_name":"The Woman in Blue","floor":14,"gold_loss":0},{"damage_healed":0,"gold_gain":0,"player_choice":"Opened","damage_taken":0,"relics_obtained":["Calipers"],"max_hp_gain":0,"max_hp_loss":0,"event_name":"The Mausoleum","floor":27,"gold_loss":0,"cards_obtained":["Writhe"]},{"damage_healed":0,"gold_gain":0,"player_choice":"Read","damage_taken":0,"max_hp_gain":0,"max_hp_loss":0,"event_name":"The Library","floor":28,"gold_loss":0,"cards_obtained":["Consume"]}],"is_beta":false,"boss_relics":[{"not_picked":["SlaversCollar","Fusion Hammer"],"picked":"Nuclear Battery"},{"not_picked":["Runic Pyramid","Empty Cage"],"picked":"Philosopher\u0027s Stone"}],"items_purged_floors":[19,54],"is_endless":false,"potions_floor_spawned":[7,11,16,18,21,31,33,36,44,46,47,48],"ascension_level":20,"potion_discard_per_floor":[[],[],[],[],[],[],[],[],[],[],[],[],[],["SmokeBomb"],[],[],[],["PotionOfCapacity"],[],[],["LiquidBronze"],[],[],[],[],[],[],[],[],[],[],[],[],[],[],[],[],[],[],[],[],[],[],[],[],[],["LiquidBronze"],[],[],[],[],[],[],["Dexterity Potion","FocusPotion"],[],[],[]]}