{"gold_per_floor":[368,14,30,30,44,72,87,121,147,147,176,192,192,192,192,269,269,283,283,296,308,73,73,73,85,85,115,146,171,191,224,224,298,298,314,351,361,379,393,393,428,428,428,439,661,693,345,345,345,345,345,345,345,27,57,57],"floor_reached":57,"playtime":7536,"items_purged":["Strike_B"],"score":3184,"play_id":"83b1113b-baef-44b1-86d8-f57bd1389f8b","local_time":"20220505214636","is_ascension_mode":true,"campfire_choices":[{"data":"Darkness","floor":10,"key":"SMITH"},{"data":"Beam Cell","floor":15,"key":"SMITH"},{"data":"Self Repair","floor":23,"key":"SMITH"},{"data":"Creative AI","floor":32,"key":"SMITH"},{"data":"Lockon","floor":40,"key":"SMITH"},{"data":"Fission","floor":42,"key":"SMITH"},{"floor":49,"key":"RECALL"},{"data":"Defragment","floor":53,"key":"SMITH"}],"neow_cost":"PERCENT_DAMAGE","seed_source_timestamp":1188263345229700,"shop_contents":[{"floor":2,"relics":["Whetstone","Medical Kit"],"cards":["Gash","Barrage","Fusion","Double Energy","Capacitor","PanicButton"],"potions":["Energy Potion","Block Potion","SpeedPotion"]},{"floor":22,"relics":["Calipers","WingedGreaves"],"cards":["Sunder","Rip and Tear","Aggregate","Double Energy","Loop","Discovery","The Bomb"],"potions":["SmokeBomb","Fire Potion","EssenceOfDarkness"]},{"floor":47,"relics":["Shuriken","PrismaticShard"],"cards":["Sunder+1","Beam Cell+1","Hologram","Turbo","Chrysalis"],"potions":["Fire Potion","SpeedPotion","Ancient Potion"]},{"floor":54,"relics":["Oddly Smooth Stone"],"cards":["Melter+1","Scrape+1","Darkness","Amplify","Loop","Good Instincts","Master of Strategy"],"potions":["Block Potion","LiquidBronze","Fire Potion"]}],"circlet_count":0,"master_deck":["AscendersBane","Strike_B","Strike_B","Strike_B","Defend_B","Defend_B","Defend_B","Defend_B","Dualcast","Beam Cell+1","The Bomb","Compile Driver","Lockon+1","Leap","Ball Lightning","Darkness+1","Steam","Echo Form","Coolheaded+1","Glacier+1","Self Repair+1","Ghostly","Ghostly","Ghostly","Coolheaded+1","Skim","Undo","Creative AI+1","Echo Form","Compile Driver+1","Hologram","Heatsinks+1","Fission+1","Defragment+1","Blind","Master of Strategy","Impatience"],"potion_use_per_floor":[[],[],[],[],[],[],[],[],[],[],["SpeedPotion"],[],[],[],[],[],[],["ColorlessPotion"],[],[],["Ancient Potion"],[],[],[],[],[],[],[],[],[],[],[],[],[],[],[],[],[],[],[],[],[],[],[],[],[],[],[],[],[],[],[],[],[],[],[],[]],"relics":["Cracked Core","Happy Flower","Omamori","MealTicket","Ancient Tea Set","Bronze Scales","Symbiotic Virus","Coffee Dripper","Toolbox","HornCleat","Molten Egg 2","Red Mask","Lantern","Ice Cream","Runic Dome","Ornamental Fan","Cables","Anchor","OrangePellets","Bag of Preparation","DataDisk"],"potions_floor_usage":[11,18,21],"damage_taken":[{"damage":2,"enemies":"Jaw Worm","floor":1,"turns":4},{"damage":1,"enemies":"Cultist","floor":3,"turns":3},{"damage":5,"enemies":"Small Slimes","floor":5,"turns":3},{"damage":20,"enemies":"3 Sentries","floor":6,"turns":4},{"damage":2,"enemies":"2 Fungi Beasts","floor":7,"turns":3},{"damage":6,"enemies":"Gremlin Nob","floor":8,"turns":3},{"damage":10,"enemies":"Lagavulin","floor":11,"turns":5},{"damage":6,"enemies":"Looter","floor":12,"turns":2},{"damage":15,"enemies":"Hexaghost","floor":16,"turns":6},{"damage":17,"enemies":"Spheric Guardian","floor":18,"turns":4},{"damage":17,"enemies":"2 Thieves","floor":20,"turns":4},{"damage":1,"enemies":"Chosen and Byrds","floor":21,"turns":4},{"damage":17,"enemies":"Cultist and Chosen","floor":25,"turns":7},{"damage":0,"enemies":"Slavers","floor":27,"turns":4},{"damage":0,"enemies":"Masked Bandits","floor":28,"turns":4},{"damage":0,"enemies":"Book of Stabbing","floor":29,"turns":5},{"damage":0,"enemies":"Snecko","floor":30,"turns":4},{"damage":1,"enemies":"Slavers","floor":31,"turns":4},{"damage":0,"enemies":"Automaton","floor":33,"turns":8},{"damage":7,"enemies":"Orb Walker","floor":35,"turns":3},{"damage":0,"enemies":"3 Darklings","floor":36,"turns":6},{"damage":2,"enemies":"Maw","floor":37,"turns":9},{"damage":0,"enemies":"Writhing Mass","floor":38,"turns":5},{"damage":2,"enemies":"Sphere and 2 Shapes","floor":39,"turns":7},{"damage":10,"enemies":"Giant Head","floor":41,"turns":15},{"damage":0,"enemies":"Maw","floor":44,"turns":6},{"damage":0,"enemies":"Nemesis","floor":46,"turns":9},{"damage":8,"enemies":"Awakened One","floor":50,"turns":21},{"damage":0,"enemies":"Time Eater","floor":51,"turns":15},{"damage":0,"enemies":"Shield and Spear","floor":55,"turns":9},{"damage":10,"enemies":"The Heart","floor":56,"turns":10}],"seed_played":"-7561625552165643893","neow_bonus_log":{"cardsObtained":[],"cardsUpgraded":[],"cardsRemoved":[],"cardsTransformed":[],"relicsObtained":[],"maxHpGained":0,"goldGained":250,"damageTaken":18,"goldLost":0,"maxHpLost":0},"potions_obtained":[{"floor":1,"key":"ColorlessPotion"},{"floor":3,"key":"SpeedPotion"},{"floor":12,"key":"Explosive Potion"},{"floor":18,"key":"Ancient Potion"},{"floor":27,"key":"Energy Potion"},{"floor":33,"key":"DistilledChaos"},{"floor":35,"key":"LiquidMemories"},{"floor":39,"key":"SneckoOil"}],"is_trial":false,"path_per_floor":["M","$","M","?","M","E","M","E","T","R","E","M","T","?","R","B",null,"M","?","M","M","$","R","?","M","T","E","?","E","M","E","R","B",null,"M","M","M","M","M","R","E","R","T","M","?","E","$","?","R","B","B",null,"R","$","E","B",null],"character_chosen":"DEFECT","items_purchased":["The Bomb","Happy Flower","Toolbox","Anchor","Defragment","Blind","OrangePellets","Bag of Preparation"],"campfire_rested":0,"item_purchase_floors":[2,2,22,47,47,47,54,54],"current_hp_per_floor":[44,44,43,66,61,41,39,33,33,33,23,17,17,17,17,2,54,37,37,20,19,34,34,34,27,27,35,35,35,35,34,34,34,35,35,35,35,35,35,35,35,35,35,35,35,35,35,25,25,35,35,35,35,35,35,25],"gold":57,"neow_bonus":"TWO_FIFTY_GOLD","is_prod":false,"is_daily":false,"rewards_skipped":[{"floor":6,"relics":[],"potions":["Swift Potion"]},{"floor":28,"relics":[],"potions":["EssenceOfSteel"]},{"floor":37,"relics":[],"potions":["PowerPotion"]},{"floor":41,"relics":[],"potions":["Explosive Potion"]},{"floor":55,"relics":[],"potions":["Fruit Juice"]}],"chose_seed":false,"campfire_upgraded":7,"win_rate":0,"floor_exit_playtime":[281,607,693,738,819,906,1005,1090,1095,1114,1269,1302,1306,1365,1418,1578,1645,1786,1790,1847,1952,2083,2119,2124,2315,2355,2540,2667,2803,2875,3020,3109,3346,3419,3597,3947,4339,4441,4601,4620,5028,5042,5060,5237,5312,5554,5590,5672,5676,6432,6777,6790,6798,6815,7060,7536],"timestamp":1651801596,"blue_key_relic_skipped_log":{"floor":43,"relicID":"Centennial Puzzle"},"path_taken":["M","?","M","?","M","E","?","E","T","R","E","M","?","?","R","BOSS","M","?","M","M","$","R","?","M","T","E","?","E","M","E","R","BOSS","M","M","M","M","M","R","E","R","T","M","?","E","$","?","R","BOSS","BOSS","R","$","E","BOSS"],"build_version":"2022-03-07","purchased_purges":1,"victory":true,"max_hp_per_floor":[71,71,71,71,71,71,71,71,71,71,71,71,71,71,71,71,71,71,71,71,71,71,71,35,35,35,35,35,35,35,35,35,35,35,35,35,35,35,35,35,35,35,35,35,35,35,35,35,35,35,35,35,35,35,35,35],"relic_stats":{"Ice Cream":[478],"OrangePellets":[6],"Happy Flower":[64],"counters":[31,196],"Ornamental Fan":[64],"Bronze Scales":[776],"MealTicket":15,"Omamori":1,"Bag of Preparation":[4],"Ancient Tea Set":[16],"obtain_stats":[{"Ice Cream":31,"Lantern":29,"Happy Flower":2,"Omamori":6,"Bag of Preparation":54,"Ancient Tea Set":9,"Cables":46,"Runic Dome":34,"OrangePellets":54,"Anchor":47,"DataDisk":55,"HornCleat":26,"Ornamental Fan":41,"Bronze Scales":11,"Toolbox":22,"MealTicket":8,"Molten Egg 2":27,"Coffee Dripper":17,"Red Mask":28,"Cracked Core":0,"Symbiotic Virus":13},{"Ice Cream":18,"Lantern":16,"Happy Flower":1,"Omamori":4,"Bag of Preparation":29,"Ancient Tea Set":6,"Cables":27,"Runic Dome":19,"OrangePellets":29,"Anchor":27,"DataDisk":30,"HornCleat":13,"Ornamental Fan":25,"Bronze Scales":7,"Toolbox":12,"MealTicket":6,"Molten Egg 2":14,"Coffee Dripper":9,"Red Mask":15,"Cracked Core":0,"Symbiotic Virus":8},{"Ice Cream":73,"Lantern":65,"Happy Flower":4,"Omamori":14,"Bag of Preparation":177,"Ancient Tea Set":20,"Cables":141,"Runic Dome":81,"OrangePellets":177,"Anchor":141,"DataDisk":186,"HornCleat":52,"Ornamental Fan":126,"Bronze Scales":25,"Toolbox":45,"MealTicket":20,"Molten Egg 2":56,"Coffee Dripper":33,"Red Mask":60,"Cracked Core":0,"Symbiotic Virus":27}],"Cables":[55,3,32,20,0]},"card_choices":[{"not_picked":["Loop","Streamline"],"picked":"Beam Cell","floor":1},{"not_picked":["Redo","Reinforced Body"],"picked":"Compile Driver","floor":3},{"not_picked":["Barrage","Melter"],"picked":"Lockon","floor":5},{"not_picked":["Blizzard","Capacitor"],"picked":"Leap","floor":6},{"not_picked":["Sweeping Beam","Coolheaded"],"picked":"Ball Lightning","floor":7},{"not_picked":["Hologram","Static Discharge"],"picked":"Darkness","floor":8},{"not_picked":["Turbo","Go for the Eyes"],"picked":"Steam","floor":11},{"not_picked":["Hologram","Coolheaded"],"picked":"Echo Form","floor":12},{"not_picked":["Sweeping Beam","Compile Driver"],"picked":"Coolheaded+1","floor":18},{"not_picked":["Reprogram","Leap"],"picked":"Glacier+1","floor":20},{"not_picked":["Compile Driver+1","Gash"],"picked":"Self Repair","floor":21},{"not_picked":["Beam Cell","Conserve Battery","Cold Snap"],"picked":"SKIP","floor":25},{"not_picked":["Beam Cell+1","Rebound+1"],"picked":"Coolheaded+1","floor":27},{"not_picked":["Hello World","Rebound+1"],"picked":"Skim","floor":28},{"not_picked":["Leap","Blizzard+1"],"picked":"Undo","floor":29},{"not_picked":["Steam","Static Discharge+1","White Noise"],"picked":"SKIP","floor":30},{"not_picked":["Conserve Battery+1","Chaos"],"picked":"Creative AI","floor":31},{"not_picked":["Amplify","Core Surge+1"],"picked":"Echo Form","floor":33},{"not_picked":["Glacier","Reinforced Body+1"],"picked":"Compile Driver+1","floor":35},{"not_picked":["Sweeping Beam+1","Conserve Battery+1","Storm+1"],"picked":"SKIP","floor":36},{"not_picked":["Gash+1","Recycle+1"],"picked":"Hologram","floor":37},{"not_picked":["Hologram","Stack"],"picked":"Heatsinks+1","floor":38},{"not_picked":["Rebound+1","Steam","Melter+1"],"picked":"SKIP","floor":39},{"not_picked":["Undo","Hello World"],"picked":"Fission","floor":41},{"not_picked":["Turbo","Self Repair","Genetic Algorithm"],"picked":"SKIP","floor":44},{"not_picked":["Barrage+1","White Noise","Amplify"],"picked":"SKIP","floor":46},{"not_picked":["Deep Breath","Swift Strike+1"],"picked":"Master of Strategy","floor":48},{"not_picked":["Flash of Steel+1","Violence"],"picked":"Impatience","floor":48},{"not_picked":["FTL+1","Meteor Strike+1","Sunder+1"],"picked":"SKIP","floor":55}],"player_experience":12830596,"relics_obtained":[{"floor":6,"key":"Omamori"},{"floor":8,"key":"MealTicket"},{"floor":9,"key":"Ancient Tea Set"},{"floor":11,"key":"Bronze Scales"},{"floor":13,"key":"Symbiotic Virus"},{"floor":26,"key":"HornCleat"},{"floor":27,"key":"Molten Egg 2"},{"floor":28,"key":"Red Mask"},{"floor":29,"key":"Lantern"},{"floor":31,"key":"Ice Cream"},{"floor":41,"key":"Ornamental Fan"},{"floor":46,"key":"Cables"},{"floor":55,"key":"DataDisk"}],"event_choices":[{"damage_healed":23,"gold_gain":0,"player_choice":"Banana","damage_taken":0,"max_hp_gain":0,"max_hp_loss":0,"event_name":"Big Fish","floor":4,"gold_loss":0},{"cards_removed":["Zap"],"damage_healed":0,"gold_gain":0,"player_choice":"Forget","damage_taken":0,"max_hp_gain":0,"max_hp_loss":0,"event_name":"Living Wall","floor":14,"gold_loss":0},{"damage_healed":0,"gold_gain":0,"player_choice":"Smashed Altar","damage_taken":0,"max_hp_gain":0,"max_hp_loss":0,"event_name":"Forgotten Altar","floor":19,"gold_loss":0,"cards_obtained":["Decay"]},{"damage_healed":0,"gold_gain":0,"player_choice":"Became a Ghost","damage_taken":0,"max_hp_gain":0,"max_hp_loss":36,"event_name":"Ghosts","floor":24,"gold_loss":0,"cards_obtained":["Ghostly","Ghostly","Ghostly"]},{"damage_healed":0,"gold_gain":0,"player_choice":"Fought Bandits","damage_taken":0,"max_hp_gain":0,"max_hp_loss":0,"event_name":"Masked Bandits","floor":28,"gold_loss":0},{"damage_healed":0,"gold_gain":222,"player_choice":"Wore Mask","damage_taken":0,"max_hp_gain":0,"max_hp_loss":0,"event_name":"Tomb of Lord Red Mask","floor":45,"gold_loss":0},{"damage_healed":0,"gold_gain":0,"player_choice":"Memory 3","damage_taken":10,"max_hp_gain":0,"max_hp_loss":0,"event_name":"SensoryStone","floor":48,"gold_loss":0}],"is_beta":false,"boss_relics":[{"not_picked":["Ectoplasm","Inserter"],"picked":"Coffee Dripper"},{"not_picked":["Pandora\u0027s Box","SacredBark"],"picked":"Runic Dome"}],"items_purged_floors":[22],"is_endless":false,"potions_floor_spawned":[1,3,6,12,18,27,28,33,35,37,39,41,55],"ascension_level":20,"potion_discard_per_floor":[[],[],[],[],[],[],[],[],[],[],[],[],[],[],[],[],[],[],[],[],[],[],[],[],[],[],[],[],[],[],[],[],["Explosive Potion"],[],["Energy Potion"],[],[],[],["LiquidMemories"],[],[],[],[],[],[],[],[],[],[],[],[],[],[],[],[],["DistilledChaos","SneckoOil"],[]]}