{"gold_per_floor":[111,125,125,50,50,77,90,90,90,124,124,142,152,167,167,243,243,260,109,120,120,135,135,162,132,157,184,184,200,226,245,245,324,324,341,341,341,1340,781,781,791,825,849,869,869,61,99,116,116,116,116,116,116,47,87,87],"floor_reached":57,"playtime":4526,"items_purged":["Dualcast","Blizzard","Normality","Normality"],"score":3360,"play_id":"fd126c32-429e-4b15-807e-93ab29e0a3d2","local_time":"20220514141156","falling_options_log":["Sweeping Beam+1","Loop+1"],"is_ascension_mode":true,"campfire_choices":[{"floor":8,"key":"REST"},{"data":"Sweeping Beam","floor":11,"key":"SMITH"},{"data":"Beam Cell","floor":15,"key":"SMITH"},{"data":"Buffer","floor":23,"key":"SMITH"},{"data":"Loop","floor":28,"key":"SMITH"},{"data":"Scrape","floor":32,"key":"SMITH"},{"data":"Biased Cognition","floor":40,"key":"SMITH"},{"floor":45,"key":"RECALL"},{"data":"Defragment","floor":49,"key":"SMITH"},{"data":"Loop","floor":53,"key":"SMITH"}],"neow_cost":"NONE","seed_source_timestamp":17232927613000,"shop_contents":[{"floor":4,"relics":["Ornamental Fan","DataDisk","Cauldron"],"cards":["FTL","Rip and Tear","Aggregate","Fission","Self Repair","Bandage Up","Metamorphosis"],"potions":["Block Potion","EssenceOfSteel","Regen Potion"]},{"floor":19,"relics":["Omamori","Pear","Strange Spoon"],"cards":["Beam Cell","Doom and Gloom","Turbo+1","Static Discharge","Dramatic Entrance","Panache"],"potions":["SpeedPotion","Weak Potion","PowerPotion"]},{"floor":39,"relics":["Orichalcum","Juzu Bracelet","Bottled Tornado"],"cards":["Beam Cell","FTL","Undo+1","Conserve Battery+1","Storm","Jack Of All Trades+1","Magnetism"],"potions":["Explosive Potion","SteroidPotion","SmokeBomb"]},{"floor":46,"relics":["Singing Bowl","Pantograph","Toolbox"],"cards":["Lockon","Scrape","Stack+1","Chaos+1","Static Discharge","Blind+1","Violence+1"],"potions":["FearPotion","SkillPotion","FearPotion"]},{"floor":54,"relics":["War Paint","Bag of Marbles","Membership Card"],"cards":["Rebound","Go for the Eyes","BootSequence+1","Steam+1","Loop","Enlightenment+1","Secret Weapon+1"],"potions":["Regen Potion","BlessingOfTheForge","PotionOfCapacity"]}],"circlet_count":0,"master_deck":["AscendersBane","Zap","Go for the Eyes+1","Sunder+1","Recycle+1","Sweeping Beam+1","Coolheaded+1","Hologram+1","Beam Cell+1","Buffer+1","Reboot+1","Scrape","Auto Shields+1","Double Energy+1","Sweeping Beam","Redo+1","Redo+1","Core Surge","Loop+1","Genetic Algorithm+1","Scrape+1","Biased Cognition+1","CurseOfTheBell","All For One","Redo+1","Skim+1","Cold Snap","Seek+1","Loop","Heatsinks","Heatsinks","Loop+1","Defragment+1","Chill+1","White Noise+1","Echo Form"],"potion_use_per_floor":[[],[],[],[],[],[],[],[],[],[],[],[],[],[],[],["CultistPotion"],[],[],[],[],[],[],[],["LiquidMemories","Fire Potion"],[],[],[],[],[],[],[],[],[],[],[],[],[],[],[],[],[],["Block Potion"],[],[],[],[],[],[],[],[],[],[],[],[],[],["FocusPotion","CultistPotion"],[]],"relics":["Astrolabe","Toxic Egg 2","StoneCalendar","Symbiotic Virus","Pandora\u0027s Box","Ancient Tea Set","Anchor","The Courier","Mercury Hourglass","Calling Bell","Bronze Scales","Darkstone Periapt","Mango","Lee\u0027s Waffle","Lantern","CeramicFish","Mummified Hand","HornCleat","Calipers","Art of War"],"potions_floor_usage":[16,24,24,42,56,56],"damage_taken":[{"damage":7,"enemies":"Jaw Worm","floor":1,"turns":3},{"damage":0,"enemies":"Cultist","floor":2,"turns":3},{"damage":34,"enemies":"Gremlin Nob","floor":6,"turns":4},{"damage":0,"enemies":"2 Louse","floor":7,"turns":2},{"damage":5,"enemies":"Lagavulin","floor":10,"turns":7},{"damage":3,"enemies":"Looter","floor":12,"turns":3},{"damage":0,"enemies":"Exordium Thugs","floor":13,"turns":3},{"damage":5,"enemies":"3 Louse","floor":14,"turns":3},{"damage":8,"enemies":"Hexaghost","floor":16,"turns":7},{"damage":0,"enemies":"Spheric Guardian","floor":18,"turns":4},{"damage":0,"enemies":"Chosen","floor":20,"turns":4},{"damage":0,"enemies":"Centurion and Healer","floor":22,"turns":4},{"damage":0,"enemies":"Slavers","floor":24,"turns":3},{"damage":0,"enemies":"Book of Stabbing","floor":27,"turns":3},{"damage":0,"enemies":"Chosen and Byrds","floor":29,"turns":5},{"damage":0,"enemies":"Gremlin Leader","floor":30,"turns":4},{"damage":0,"enemies":"Sentry and Sphere","floor":31,"turns":4},{"damage":0,"enemies":"Automaton","floor":33,"turns":7},{"damage":1,"enemies":"3 Darklings","floor":35,"turns":5},{"damage":0,"enemies":"Orb Walker","floor":41,"turns":1},{"damage":0,"enemies":"Nemesis","floor":42,"turns":7},{"damage":30,"enemies":"Writhing Mass","floor":44,"turns":4},{"damage":0,"enemies":"Reptomancer","floor":47,"turns":3},{"damage":0,"enemies":"3 Darklings","floor":48,"turns":4},{"damage":0,"enemies":"Donu and Deca","floor":50,"turns":7},{"damage":7,"enemies":"Awakened One","floor":51,"turns":14},{"damage":0,"enemies":"Shield and Spear","floor":55,"turns":3},{"damage":39,"enemies":"The Heart","floor":56,"turns":8}],"seed_played":"-783222230404234853","neow_bonus_log":{"cardsObtained":[],"cardsUpgraded":[],"cardsRemoved":[],"cardsTransformed":[],"relicsObtained":["Astrolabe"],"maxHpGained":0,"goldGained":0,"damageTaken":0,"goldLost":0,"maxHpLost":0},"potions_obtained":[{"floor":10,"key":"CultistPotion"},{"floor":13,"key":"Ancient Potion"},{"floor":14,"key":"LiquidMemories"},{"floor":16,"key":"Fire Potion"},{"floor":24,"key":"BlessingOfTheForge"},{"floor":25,"key":"Block Potion"},{"floor":25,"key":"Weak Potion"},{"floor":35,"key":"SteroidPotion"},{"floor":47,"key":"FearPotion"},{"floor":48,"key":"CultistPotion"}],"is_trial":false,"path_per_floor":["M","M","?","$","?","E","M","R","T","E","R","M","M","M","R","B",null,"M","$","M","?","M","R","E","?","T","E","R","M","E","M","R","B",null,"M","?","?","?","$","R","M","E","T","M","R","$","E","M","R","B","B",null,"R","$","E","B",null],"character_chosen":"DEFECT","items_purchased":["Redo+1","All For One","Redo+1","Skim+1","Lee\u0027s Waffle","Lantern","Loop","Heatsinks","Heatsinks","Mummified Hand","Loop","HornCleat","Defragment","White Noise+1","FocusPotion"],"campfire_rested":1,"item_purchase_floors":[19,39,39,39,39,39,46,46,46,46,46,46,46,54,54],"current_hp_per_floor":[57,57,57,57,57,23,23,44,44,39,39,36,36,31,31,23,59,59,59,59,39,39,39,39,39,39,39,39,39,39,39,39,39,81,80,80,80,92,109,109,109,109,109,79,79,79,79,79,79,79,72,100,100,100,100,61],"gold":87,"neow_bonus":"BOSS_RELIC","is_prod":false,"is_daily":false,"rewards_skipped":[{"floor":27,"relics":[],"potions":["FearPotion"]},{"floor":31,"relics":[],"potions":["SkillPotion"]},{"floor":41,"relics":[],"potions":["SteroidPotion"]}],"chose_seed":false,"campfire_upgraded":8,"win_rate":0,"floor_exit_playtime":[141,173,191,222,243,301,333,337,343,435,441,488,548,610,617,801,916,1078,1185,1263,1267,1373,1382,1476,1490,1495,1604,1609,1728,1824,1908,1916,2108,2242,2381,2400,2407,2464,2626,2645,2688,2818,2828,2974,2978,3055,3182,3326,3362,3523,3869,3890,3906,3973,4150,4526],"timestamp":1652551916,"blue_key_relic_skipped_log":{"floor":43,"relicID":"MawBank"},"path_taken":["M","M","?","$","?","E","M","R","T","E","R","M","M","?","R","BOSS","M","$","M","?","M","R","E","?","T","E","R","M","E","M","R","BOSS","M","?","?","?","$","R","M","E","T","M","R","$","E","?","R","BOSS","BOSS","R","$","E","BOSS"],"build_version":"2022-03-07","purchased_purges":4,"victory":true,"max_hp_per_floor":[71,71,71,71,71,71,71,71,71,71,71,71,71,71,71,71,71,71,71,71,76,76,76,76,76,76,76,76,76,76,76,76,76,90,90,90,90,102,109,109,109,109,109,109,109,109,109,109,109,109,109,109,109,109,109,109],"relic_stats":{"Darkstone Periapt":12,"Lee\u0027s Waffle":17,"Calipers":[1437],"counters":[28,129],"Astrolabe":["Go for the Eyes","Sunder","Recycle"],"CeramicFish":81,"StoneCalendar":[195],"The Courier":373,"Ancient Tea Set":[12],"Mercury Hourglass":[252],"Mummified Hand":[54],"Bronze Scales":[288],"Pandora\u0027s Box":["Scrape","Auto Shields","Blizzard","Double Energy","Sweeping Beam"],"Art of War":[2],"obtain_stats":[{"Darkstone Periapt":34,"Lee\u0027s Waffle":39,"Lantern":39,"Calipers":47,"Astrolabe":0,"CeramicFish":42,"StoneCalendar":9,"Mango":34,"The Courier":27,"Ancient Tea Set":24,"Mercury Hourglass":30,"Calling Bell":34,"Anchor":26,"HornCleat":46,"Mummified Hand":46,"Bronze Scales":34,"Pandora\u0027s Box":17,"Art of War":55,"Toxic Egg 2":6,"Cracked Core":0,"Symbiotic Virus":10},{"Darkstone Periapt":18,"Lee\u0027s Waffle":19,"Lantern":19,"Calipers":23,"Astrolabe":0,"CeramicFish":21,"StoneCalendar":4,"Mango":18,"The Courier":14,"Ancient Tea Set":13,"Mercury Hourglass":16,"Calling Bell":18,"Anchor":13,"HornCleat":22,"Mummified Hand":22,"Bronze Scales":18,"Pandora\u0027s Box":9,"Art of War":27,"Toxic Egg 2":3,"Cracked Core":0,"Symbiotic Virus":5},{"Darkstone Periapt":73,"Lee\u0027s Waffle":78,"Lantern":78,"Calipers":93,"Astrolabe":0,"CeramicFish":86,"StoneCalendar":12,"Mango":73,"The Courier":53,"Ancient Tea Set":50,"Mercury Hourglass":62,"Calling Bell":73,"Anchor":50,"HornCleat":90,"Mummified Hand":90,"Bronze Scales":73,"Pandora\u0027s Box":35,"Art of War":121,"Toxic Egg 2":10,"Cracked Core":0,"Symbiotic Virus":19}]},"card_choices":[{"not_picked":["Barrage","Storm"],"picked":"Sweeping Beam","floor":1},{"not_picked":["Redo","Ball Lightning","Go for the Eyes"],"picked":"SKIP","floor":2},{"not_picked":["Static Discharge","Blizzard"],"picked":"Auto Shields+1","floor":6},{"not_picked":["Streamline","Sunder"],"picked":"Coolheaded+1","floor":10},{"not_picked":["Beam Cell","Glacier+1"],"picked":"Hologram+1","floor":12},{"not_picked":["Gash","Steam+1"],"picked":"Beam Cell","floor":13},{"not_picked":["BootSequence+1","Ball Lightning"],"picked":"Buffer","floor":14},{"not_picked":["Biased Cognition","Hyperbeam"],"picked":"Reboot+1","floor":16},{"not_picked":["Fusion+1","Stack+1","Go for the Eyes"],"picked":"SKIP","floor":18},{"not_picked":["Ball Lightning","Stack+1","Leap+1"],"picked":"SKIP","floor":20},{"not_picked":["Stack+1","Gash"],"picked":"Redo+1","floor":22},{"not_picked":["Static Discharge","Sweeping Beam"],"picked":"Core Surge","floor":24},{"not_picked":["Sweeping Beam","FTL+1"],"picked":"Loop","floor":27},{"not_picked":["Turbo+1","Cold Snap"],"picked":"Genetic Algorithm+1","floor":29},{"not_picked":["Ball Lightning","Barrage"],"picked":"Scrape","floor":30},{"not_picked":["Streamline","Rebound","Sweeping Beam"],"picked":"SKIP","floor":31},{"not_picked":["Thunder Strike","Meteor Strike"],"picked":"Biased Cognition","floor":33},{"not_picked":["Self Repair","Go for the Eyes","Ball Lightning+1"],"picked":"SKIP","floor":35},{"not_picked":["Compile Driver","Storm"],"picked":"Cold Snap","floor":41},{"not_picked":["Leap+1","Self Repair+1","Cold Snap"],"picked":"SKIP","floor":42},{"not_picked":["Rebound+1","Coolheaded+1"],"picked":"Seek+1","floor":44},{"not_picked":["Lockon","Cold Snap"],"picked":"Chill+1","floor":47},{"not_picked":["Chaos+1","Conserve Battery+1","Cold Snap+1"],"picked":"SKIP","floor":48},{"not_picked":["Ball Lightning","Melter"],"picked":"Echo Form","floor":55}],"player_experience":6937482,"relics_obtained":[{"floor":6,"key":"Toxic Egg 2"},{"floor":9,"key":"StoneCalendar"},{"floor":10,"key":"Symbiotic Virus"},{"floor":24,"key":"Ancient Tea Set"},{"floor":26,"key":"Anchor"},{"floor":27,"key":"The Courier"},{"floor":30,"key":"Mercury Hourglass"},{"floor":34,"key":"Bronze Scales"},{"floor":34,"key":"Darkstone Periapt"},{"floor":34,"key":"Mango"},{"floor":42,"key":"CeramicFish"},{"floor":47,"key":"Calipers"},{"floor":55,"key":"Art of War"}],"event_choices":[{"damage_healed":0,"gold_gain":0,"player_choice":"Ignored","damage_taken":0,"max_hp_gain":0,"max_hp_loss":0,"event_name":"Liars Game","floor":3,"gold_loss":0},{"damage_healed":0,"gold_gain":0,"player_choice":"0 cards matched","damage_taken":0,"max_hp_gain":0,"max_hp_loss":0,"event_name":"Match and Keep!","floor":5,"gold_loss":0,"cards_obtained":[]},{"damage_healed":0,"gold_gain":0,"player_choice":"0 cards matched","damage_taken":0,"max_hp_gain":0,"max_hp_loss":0,"event_name":"Match and Keep!","floor":5,"gold_loss":0,"cards_obtained":[]},{"damage_healed":0,"gold_gain":0,"player_choice":"Shed Blood","damage_taken":25,"max_hp_gain":5,"max_hp_loss":0,"event_name":"Forgotten Altar","floor":21,"gold_loss":0},{"damage_healed":0,"gold_gain":0,"player_choice":"Bought 2 Potions","damage_taken":0,"max_hp_gain":0,"max_hp_loss":0,"event_name":"The Woman in Blue","floor":25,"gold_loss":0},{"damage_healed":0,"gold_gain":0,"player_choice":"Ignored","damage_taken":0,"max_hp_gain":0,"max_hp_loss":0,"event_name":"Tomb of Lord Red Mask","floor":36,"gold_loss":0},{"cards_removed":["Auto Shields"],"damage_healed":0,"gold_gain":0,"player_choice":"Removed Skill","damage_taken":0,"max_hp_gain":0,"max_hp_loss":0,"event_name":"Falling","floor":37,"gold_loss":0},{"damage_healed":0,"gold_gain":999,"player_choice":"Gold","damage_taken":0,"max_hp_gain":0,"max_hp_loss":0,"event_name":"MindBloom","floor":38,"gold_loss":0,"cards_obtained":["Normality","Normality"]}],"is_beta":false,"boss_relics":[{"not_picked":["Inserter","Sozu"],"picked":"Pandora\u0027s Box"},{"not_picked":["Cursed Key","Philosopher\u0027s Stone"],"picked":"Calling Bell"}],"items_purged_floors":[4,19,39,46],"is_endless":false,"potions_floor_spawned":[10,13,14,16,24,27,31,35,41,47,48],"ascension_level":20,"potion_discard_per_floor":[[],[],[],[],[],[],[],[],[],[],[],[],[],["Ancient Potion"],[],[],[],[],[],[],[],[],[],[],["BlessingOfTheForge"],[],[],[],[],[],[],[],[],[],["Weak Potion"],[],[],[],[],[],[],[],[],[],[],[],[],["FearPotion"],[],[],[],[],[],["SteroidPotion"],[],[],[]]}