{"gold_per_floor":[110,35,35,48,63,89,89,116,128,154,29,59,70,70,70,147,147,165,215,175,192,211,236,62,88,88,117,129,158,258,289,289,362,362,377,377,377,6,16,16,29,251,274,301,311,356,214,249,249,249,249,249,249,31,58,58],"floor_reached":57,"playtime":8840,"items_purged":["Strike_B"],"score":3212,"play_id":"3dd2c068-e359-4de5-b87f-dd5d42a15a93","local_time":"20220514235716","falling_options_log":["All For One+1","Glacier"],"is_ascension_mode":true,"campfire_choices":[{"data":"Beam Cell","floor":7,"key":"SMITH"},{"data":"Sunder","floor":15,"key":"SMITH"},{"floor":32,"key":"REST"},{"data":"Apotheosis","floor":40,"key":"SMITH"},{"floor":49,"key":"RECALL"},{"data":"1","floor":53,"key":"LIFT"}],"neow_cost":"NONE","seed_source_timestamp":1972482364494400,"shop_contents":[{"floor":11,"relics":["Tiny Chest","Juzu Bracelet","Strange Spoon"],"cards":["Rebound","Leap","Reinforced Body","Storm","Deep Breath","Panache"],"potions":["Regen Potion","Strength Potion"]},{"floor":24,"relics":["Blood Vial","Du-Vu Doll","PrismaticShard"],"cards":["Lockon","Rebound","Leap","Hologram","Heatsinks","Sadistic Nature"],"potions":["DuplicationPotion","ColorlessPotion","Swift Potion"]},{"floor":38,"relics":["MealTicket","Calipers","CeramicFish"],"cards":["Gash","Rip and Tear","Turbo","Chaos","Self Repair","Enlightenment","The Bomb"],"potions":["Strength Potion","BlessingOfTheForge","LiquidMemories"]},{"floor":47,"relics":["Unceasing Top","TungstenRod","HandDrill"],"cards":["Beam Cell","Rip and Tear","Coolheaded","Turbo","Static Discharge","Swift Strike","Secret Technique"],"potions":["Explosive Potion","SkillPotion","Swift Potion"]},{"floor":54,"relics":["Pen Nib","Bottled Flame","War Paint"],"cards":["Streamline","Melter","Seek","Double Energy","Storm","Impatience","Magnetism"],"potions":["PowerPotion","SpeedPotion","EssenceOfDarkness"]}],"circlet_count":0,"master_deck":["AscendersBane","Strike_B","Strike_B","Defend_B","Defend_B","Defend_B","Defend_B","Zap","Dualcast","Lockon","Beam Cell+1","Chill","Compile Driver","Sweeping Beam+1","All For One+1","Sunder+1","All For One","Glacier","Dark Shackles","Beam Cell","Defragment","Steam","Undo","Go for the Eyes","FTL","Echo Form","Conserve Battery+1","Good Instincts","Madness","Apotheosis+1","Steam","Finesse","Dark Shackles","Madness","Reprogram","Hologram","Recycle","BootSequence","Compile Driver","Stack","Good Instincts","Go for the Eyes","FTL+1"],"potion_use_per_floor":[[],[],[],[],[],[],[],["Strength Potion"],[],[],[],[],[],[],[],["Strength Potion","BlessingOfTheForge"],[],["SneckoOil"],[],[],[],[],["EssenceOfDarkness"],[],[],[],["AttackPotion"],[],[],[],["Fruit Juice"],[],["PotionOfCapacity"],[],[],[],[],[],[],[],[],[],[],[],[],["BlessingOfTheForge"],[],[],[],["Weak Potion"],[],[],[],[],[],["Regen Potion","FairyPotion"],[]],"relics":["Cracked Core","Boot","Nunchaku","Vajra","MawBank","Gremlin Horn","PreservedInsect","Black Star","Omamori","Regal Pillow","Whetstone","Symbiotic Virus","Happy Flower","Bronze Scales","Bag of Preparation","Centennial Puzzle","Matryoshka","Ginger","The Courier","Red Mask","Cursed Key","Runic Capacitor","Akabeko","Bag of Marbles","InkBottle","Girya","Singing Bowl","Torii","Orrery","Letter Opener","Bottled Lightning"],"potions_floor_usage":[8,16,16,18,23,27,31,33,46,50,56],"damage_taken":[{"damage":0,"enemies":"2 Louse","floor":1,"turns":2},{"damage":2,"enemies":"Jaw Worm","floor":4,"turns":2},{"damage":1,"enemies":"Cultist","floor":5,"turns":3},{"damage":6,"enemies":"Lagavulin","floor":6,"turns":7},{"damage":13,"enemies":"3 Sentries","floor":8,"turns":10},{"damage":2,"enemies":"Looter","floor":10,"turns":3},{"damage":0,"enemies":"Gremlin Nob","floor":12,"turns":2},{"damage":0,"enemies":"3 Louse","floor":13,"turns":2},{"damage":33,"enemies":"Slime Boss","floor":16,"turns":7},{"damage":17,"enemies":"2 Thieves","floor":18,"turns":2},{"damage":11,"enemies":"Spheric Guardian","floor":21,"turns":3},{"damage":0,"enemies":"Snecko","floor":22,"turns":2},{"damage":9,"enemies":"Book of Stabbing","floor":23,"turns":3},{"damage":0,"enemies":"Gremlin Leader","floor":25,"turns":4},{"damage":1,"enemies":"Book of Stabbing","floor":27,"turns":3},{"damage":5,"enemies":"Centurion and Healer","floor":28,"turns":4},{"damage":0,"enemies":"Gremlin Leader","floor":29,"turns":4},{"damage":0,"enemies":"Colosseum Slavers","floor":30,"turns":3},{"damage":2,"enemies":"Colosseum Nobs","floor":30,"turns":3},{"damage":1,"enemies":"Masked Bandits","floor":31,"turns":3},{"damage":26,"enemies":"Collector","floor":33,"turns":10},{"damage":0,"enemies":"3 Darklings","floor":35,"turns":3},{"damage":0,"enemies":"Orb Walker","floor":39,"turns":2},{"damage":2,"enemies":"Jaw Worm Horde","floor":41,"turns":3},{"damage":0,"enemies":"Giant Head","floor":44,"turns":3},{"damage":0,"enemies":"Maw","floor":45,"turns":6},{"damage":4,"enemies":"2 Orb Walkers","floor":46,"turns":5},{"damage":0,"enemies":"Reptomancer","floor":48,"turns":7},{"damage":22,"enemies":"Time Eater","floor":50,"turns":11},{"damage":1,"enemies":"Donu and Deca","floor":51,"turns":10},{"damage":28,"enemies":"Shield and Spear","floor":55,"turns":5},{"damage":82,"enemies":"The Heart","floor":56,"turns":7}],"seed_played":"5931577868813895538","neow_bonus_log":{"cardsObtained":[],"cardsUpgraded":[],"cardsRemoved":[],"cardsTransformed":[],"relicsObtained":["Boot"],"maxHpGained":0,"goldGained":0,"damageTaken":0,"goldLost":0,"maxHpLost":0},"potions_obtained":[{"floor":5,"key":"Strength Potion"},{"floor":12,"key":"SteroidPotion"},{"floor":13,"key":"Strength Potion"},{"floor":16,"key":"SneckoOil"},{"floor":20,"key":"Fire Potion"},{"floor":20,"key":"EssenceOfDarkness"},{"floor":23,"key":"AttackPotion"},{"floor":27,"key":"AttackPotion"},{"floor":29,"key":"GamblersBrew"},{"floor":30,"key":"Fruit Juice"},{"floor":31,"key":"PotionOfCapacity"},{"floor":39,"key":"Weak Potion"},{"floor":45,"key":"BlessingOfTheForge"},{"floor":55,"key":"Regen Potion"}],"is_trial":false,"path_per_floor":["M","?","?","M","M","E","R","E","T","M","$","E","M","?","R","B",null,"M","?","?","M","M","E","$","E","T","E","M","E","?","?","R","B",null,"M","?","?","$","M","R","M","?","T","E","M","?","$","E","R","B","B",null,"R","$","E","B",null],"character_chosen":"DEFECT","items_purchased":["All For One","BlessingOfTheForge","Dark Shackles","Runic Capacitor","Steam","Finesse","Dark Shackles","Madness","Compile Driver","Stack","Good Instincts","Orrery","FairyPotion"],"campfire_rested":1,"item_purchase_floors":[11,11,24,38,38,38,38,38,47,47,47,54,54],"current_hp_per_floor":[64,64,59,57,56,50,50,37,37,35,35,35,35,40,40,7,59,42,42,42,31,31,22,22,22,22,21,16,16,14,18,57,31,69,69,59,59,59,59,59,57,57,57,57,57,53,53,53,53,31,30,68,68,76,50,24],"gold":58,"neow_bonus":"RANDOM_COMMON_RELIC","is_prod":false,"is_daily":false,"rewards_skipped":[{"floor":20,"relics":[],"potions":["Dexterity Potion"]},{"floor":25,"relics":[],"potions":["BlessingOfTheForge"]}],"chose_seed":false,"campfire_upgraded":3,"win_rate":0,"floor_exit_playtime":[95,150,155,225,287,460,469,607,610,693,791,864,1465,1502,1510,1807,1973,2121,2128,2142,2336,2555,2707,2773,2956,2959,3135,3271,3400,3808,3934,3940,4386,4467,4556,4626,4633,4975,5211,5219,5345,5350,5356,5603,5797,5991,6094,6324,6330,7322,7696,7708,7724,7912,8237,8840],"timestamp":1652587036,"blue_key_relic_skipped_log":{"floor":43,"relicID":"Toy Ornithopter"},"path_taken":["M","?","?","M","M","E","R","E","T","?","$","E","M","?","R","BOSS","M","?","?","?","M","E","$","E","T","E","?","E","?","?","R","BOSS","M","?","?","$","?","R","M","?","T","E","M","?","?","E","R","BOSS","BOSS","R","$","E","BOSS"],"build_version":"2022-03-07","purchased_purges":1,"victory":true,"max_hp_per_floor":[71,71,71,71,71,71,71,71,71,71,71,71,71,76,76,76,76,76,76,76,76,76,76,76,76,76,76,76,76,76,81,81,81,81,81,81,81,81,81,81,81,81,81,81,81,81,81,81,81,81,81,81,81,89,91,91],"relic_stats":{"Regal Pillow":15,"Gremlin Horn":[35,35],"Singing Bowl":10,"Torii":12,"Bag of Preparation":[34],"Whetstone":["Sweeping Beam","All For One"],"Ginger":[18],"Boot":[47],"Cursed Key":1,"Nunchaku":[39],"Centennial Puzzle":[27],"Matryoshka":1,"InkBottle":[38],"Girya":1,"Happy Flower":[30],"counters":[32,144],"PreservedInsect":487,"The Courier":184,"Omamori":1,"Letter Opener":[60],"MawBank":36,"Bronze Scales":[288],"Black Star":7,"Bottled Lightning":"Apotheosis","obtain_stats":[{"Regal Pillow":23,"Gremlin Horn":9,"Singing Bowl":48,"Torii":48,"Vajra":6,"Bag of Preparation":27,"Runic Capacitor":38,"Whetstone":25,"Ginger":30,"Boot":0,"Cursed Key":34,"Nunchaku":3,"Centennial Puzzle":29,"Matryoshka":29,"Red Mask":31,"Cracked Core":0,"InkBottle":44,"Girya":46,"Happy Flower":26,"PreservedInsect":12,"The Courier":30,"Omamori":23,"Letter Opener":55,"MawBank":8,"Akabeko":43,"Bronze Scales":27,"Orrery":54,"Black Star":17,"Bag of Marbles":44,"Bottled Lightning":55,"Symbiotic Virus":25},{"Regal Pillow":13,"Gremlin Horn":5,"Singing Bowl":28,"Torii":28,"Vajra":4,"Bag of Preparation":15,"Runic Capacitor":22,"Whetstone":14,"Ginger":19,"Boot":0,"Cursed Key":21,"Nunchaku":1,"Centennial Puzzle":17,"Matryoshka":17,"Red Mask":20,"Cracked Core":0,"InkBottle":25,"Girya":27,"Happy Flower":14,"PreservedInsect":7,"The Courier":19,"Omamori":13,"Letter Opener":31,"MawBank":5,"Akabeko":24,"Bronze Scales":15,"Orrery":30,"Black Star":9,"Bag of Marbles":25,"Bottled Lightning":31,"Symbiotic Virus":14},{"Regal Pillow":48,"Gremlin Horn":24,"Singing Bowl":111,"Torii":111,"Vajra":14,"Bag of Preparation":55,"Runic Capacitor":85,"Whetstone":52,"Ginger":69,"Boot":0,"Cursed Key":82,"Nunchaku":2,"Centennial Puzzle":63,"Matryoshka":63,"Red Mask":72,"Cracked Core":0,"InkBottle":93,"Girya":104,"Happy Flower":52,"PreservedInsect":29,"The Courier":69,"Omamori":48,"Letter Opener":137,"MawBank":24,"Akabeko":90,"Bronze Scales":55,"Orrery":132,"Black Star":38,"Bag of Marbles":93,"Bottled Lightning":137,"Symbiotic Virus":52}]},"card_choices":[{"not_picked":["Turbo","Melter"],"picked":"Lockon","floor":1},{"not_picked":["Conserve Battery","Rebound"],"picked":"Beam Cell","floor":4},{"not_picked":["Compile Driver","Go for the Eyes"],"picked":"Chill","floor":5},{"not_picked":["Gash","Chaos","Turbo"],"picked":"SKIP","floor":6},{"not_picked":["Steam Power","Loop"],"picked":"Compile Driver","floor":8},{"not_picked":["Steam","Turbo"],"picked":"Sweeping Beam","floor":10},{"not_picked":["White Noise","Barrage"],"picked":"Sunder","floor":12},{"not_picked":["Darkness","Multi-Cast","Reprogram"],"picked":"SKIP","floor":13},{"not_picked":["Darkness","Multi-Cast","Reprogram"],"picked":"SKIP","floor":13},{"not_picked":["Echo Form","Amplify"],"picked":"All For One","floor":16},{"not_picked":["Sunder","Sweeping Beam","Streamline"],"picked":"SKIP","floor":18},{"not_picked":["Darkness","Coolheaded"],"picked":"Glacier","floor":21},{"not_picked":["Rebound","Force Field","Cold Snap"],"picked":"SKIP","floor":22},{"not_picked":["Rebound","Force Field","Cold Snap"],"picked":"SKIP","floor":22},{"not_picked":["Cold Snap","Ball Lightning"],"picked":"Electrodynamics","floor":23},{"not_picked":["Hologram","Stack"],"picked":"Beam Cell","floor":25},{"not_picked":["Rebound","Skim"],"picked":"Defragment","floor":27},{"not_picked":["Gash","Force Field"],"picked":"Steam","floor":28},{"not_picked":["Conserve Battery","Consume"],"picked":"Undo","floor":29},{"not_picked":["Static Discharge","Skim"],"picked":"Go for the Eyes","floor":30},{"not_picked":["Gash","Skim"],"picked":"FTL","floor":31},{"not_picked":["Meteor Strike","Core Surge"],"picked":"Echo Form","floor":33},{"not_picked":["Sweeping Beam","Barrage"],"picked":"Conserve Battery+1","floor":35},{"not_picked":["Panacea","Trip"],"picked":"Good Instincts","floor":36},{"not_picked":["PanicButton","Jack Of All Trades"],"picked":"Madness","floor":36},{"not_picked":["PanicButton","Dramatic Entrance"],"picked":"Apotheosis","floor":36},{"not_picked":["Reinforced Body","Static Discharge"],"picked":"Reprogram","floor":39},{"not_picked":["Scrape","Gash"],"picked":"Hologram","floor":41},{"not_picked":["Barrage","Fusion+1"],"picked":"Recycle","floor":44},{"not_picked":["Turbo","Steam","Auto Shields+1"],"picked":"SKIP","floor":45},{"not_picked":["Auto Shields+1","Self Repair"],"picked":"BootSequence","floor":46},{"not_picked":["Heatsinks","Scrape"],"picked":"Go for the Eyes","floor":48},{"not_picked":["Thunder Strike","Barrage+1","Chaos+1"],"picked":"Singing Bowl","floor":54},{"not_picked":["Defragment","Steam","Steam Power"],"picked":"Singing Bowl","floor":54},{"not_picked":["Steam+1","Genetic Algorithm","Double Energy"],"picked":"Singing Bowl","floor":54},{"not_picked":["Recycle","Leap","Conserve Battery+1"],"picked":"Singing Bowl","floor":54},{"not_picked":["Compile Driver","Sweeping Beam+1"],"picked":"FTL+1","floor":54},{"not_picked":["Beam Cell","Fusion","Streamline"],"picked":"Singing Bowl","floor":55}],"player_experience":12877975,"relics_obtained":[{"floor":6,"key":"Vajra"},{"floor":8,"key":"MawBank"},{"floor":9,"key":"Gremlin Horn"},{"floor":12,"key":"PreservedInsect"},{"floor":23,"key":"Omamori"},{"floor":23,"key":"Regal Pillow"},{"floor":25,"key":"Whetstone"},{"floor":25,"key":"Symbiotic Virus"},{"floor":26,"key":"Happy Flower"},{"floor":27,"key":"Bronze Scales"},{"floor":27,"key":"Bag of Preparation"},{"floor":29,"key":"Centennial Puzzle"},{"floor":29,"key":"Matryoshka"},{"floor":30,"key":"Ginger"},{"floor":30,"key":"The Courier"},{"floor":31,"key":"Red Mask"},{"floor":43,"key":"Akabeko"},{"floor":44,"key":"Bag of Marbles"},{"floor":44,"key":"InkBottle"},{"floor":46,"key":"Girya"},{"floor":48,"key":"Singing Bowl"},{"floor":48,"key":"Torii"},{"floor":55,"key":"Letter Opener"},{"floor":55,"key":"Bottled Lightning"}],"event_choices":[{"cards_removed":["Strike_B"],"damage_healed":0,"gold_gain":0,"player_choice":"Card Removal","damage_taken":0,"max_hp_gain":0,"max_hp_loss":0,"event_name":"The Cleric","floor":2,"gold_loss":75},{"damage_healed":0,"gold_gain":0,"player_choice":"Success","damage_taken":5,"relics_obtained":["Nunchaku"],"max_hp_gain":0,"max_hp_loss":0,"event_name":"Scrap Ooze","floor":3,"gold_loss":0},{"damage_healed":0,"gold_gain":0,"player_choice":"Donut","damage_taken":0,"max_hp_gain":5,"max_hp_loss":0,"event_name":"Big Fish","floor":14,"gold_loss":0},{"damage_healed":0,"gold_gain":50,"player_choice":"Pray","damage_taken":0,"max_hp_gain":0,"max_hp_loss":0,"event_name":"Golden Shrine","floor":19,"gold_loss":0},{"damage_healed":0,"gold_gain":0,"player_choice":"Bought 3 Potions","damage_taken":0,"max_hp_gain":0,"max_hp_loss":0,"event_name":"The Woman in Blue","floor":20,"gold_loss":0},{"damage_healed":0,"gold_gain":0,"player_choice":"Fight","damage_taken":0,"max_hp_gain":0,"max_hp_loss":0,"event_name":"Colosseum","floor":30,"gold_loss":0},{"damage_healed":0,"gold_gain":0,"player_choice":"Fought Nobs","damage_taken":0,"max_hp_gain":0,"max_hp_loss":0,"event_name":"Colosseum","floor":30,"gold_loss":0},{"damage_healed":0,"gold_gain":0,"player_choice":"Fought Bandits","damage_taken":0,"max_hp_gain":0,"max_hp_loss":0,"event_name":"Masked Bandits","floor":31,"gold_loss":0},{"damage_healed":0,"gold_gain":0,"player_choice":"Memory 3","damage_taken":10,"max_hp_gain":0,"max_hp_loss":0,"event_name":"SensoryStone","floor":36,"gold_loss":0},{"cards_removed":["Electrodynamics"],"damage_healed":0,"gold_gain":0,"player_choice":"Removed Power","damage_taken":0,"max_hp_gain":0,"max_hp_loss":0,"event_name":"Falling","floor":37,"gold_loss":0},{"damage_healed":0,"gold_gain":222,"player_choice":"Wore Mask","damage_taken":0,"max_hp_gain":0,"max_hp_loss":0,"event_name":"Tomb of Lord Red Mask","floor":42,"gold_loss":0},{"damage_healed":0,"gold_gain":0,"player_choice":"Fight","damage_taken":0,"max_hp_gain":0,"max_hp_loss":0,"event_name":"Mysterious Sphere","floor":46,"gold_loss":0}],"is_beta":false,"boss_relics":[{"not_picked":["Pandora\u0027s Box","Inserter"],"picked":"Black Star"},{"not_picked":["Tiny House","Calling Bell"],"picked":"Cursed Key"}],"items_purged_floors":[24],"is_endless":false,"potions_floor_spawned":[5,12,13,16,23,25,27,29,30,31,39,45,55],"ascension_level":20,"potion_discard_per_floor":[[],[],[],[],[],[],[],[],[],[],[],[],["SteroidPotion"],[],[],[],[],[],[],[],[],[],[],[],[],[],[],[],["AttackPotion"],["GamblersBrew"],[],[],[],[],[],[],[],[],[],[],[],[],[],[],["Fire Potion"],[],[],[],[],[],[],[],[],[],[],[],[]]}