{"gold_per_floor":[13,13,13,87,108,108,131,171,171,192,233,65,115,146,146,240,240,258,308,28,128,151,151,170,211,211,235,12,50,15,15,15,108,108,123,173,239,289,339,339,375,375,375,418,432,501,534,559,559,559,559,559,559,31,62,62],"floor_reached":57,"playtime":5633,"items_purged":["Zap","Dualcast","Parasite"],"score":3221,"play_id":"a95a6615-707f-457e-9e22-5ac58ca3e2ea","local_time":"20220510154010","is_ascension_mode":true,"campfire_choices":[{"data":"Hyperbeam","floor":6,"key":"SMITH"},{"data":"Hologram","floor":15,"key":"SMITH"},{"data":"Genetic Algorithm","floor":23,"key":"SMITH"},{"data":"Reprogram","floor":32,"key":"SMITH"},{"data":"Genetic Algorithm","floor":40,"key":"SMITH"},{"floor":42,"key":"RECALL"},{"data":"Echo Form","floor":49,"key":"SMITH"},{"floor":53,"key":"REST"}],"neow_cost":"NO_GOLD","seed_source_timestamp":3032233221268700,"shop_contents":[{"floor":12,"relics":["Eternal Feather","Lee\u0027s Waffle"],"cards":["Beam Cell","Go for the Eyes","Fission","Redo","Loop","Madness","Secret Technique"],"potions":["ColorlessPotion","Dexterity Potion","Energy Potion"]},{"floor":20,"relics":["Whetstone","DataDisk"],"cards":["Go for the Eyes","Rebound","Skim","Loop","Impatience","Thinking Ahead"],"potions":["Regen Potion","FocusPotion","DuplicationPotion"]},{"floor":28,"relics":["Meat on the Bone","White Beast Statue"],"cards":["FTL","Gash","Coolheaded","Steam Power","Storm","Deep Breath","HandOfGreed"],"potions":["DuplicationPotion","SpeedPotion","Block Potion"]},{"floor":54,"relics":["Toy Ornithopter"],"cards":["Cold Snap+1","FTL+1","Coolheaded","Chaos","Heatsinks","Trip","Thinking Ahead"],"potions":["Swift Potion","PotionOfCapacity"]}],"circlet_count":0,"master_deck":["AscendersBane","Strike_B","Strike_B","Defend_B","Defend_B","Defend_B","Defend_B","Scrape","Hyperbeam+1","Beam Cell+1","Rebound","Hologram+1","Conserve Battery","Gash","Undo","Echo Form","Recycle","Genetic Algorithm+1","Fusion+1","Gash","Reprogram+1","Echo Form+1","Leap+1","Meteor Strike","Genetic Algorithm+1","The Bomb","The Bomb"],"potion_use_per_floor":[[],[],[],[],[],[],[],[],[],[],[],[],[],["Strength Potion"],[],[],[],[],[],[],[],[],[],[],[],[],[],[],["GamblersBrew"],[],[],[],[],[],[],[],[],[],[],[],["DistilledChaos"],[],[],[],[],[],[],[],[],[],[],[],[],[],[],["Dexterity Potion"],[]],"relics":["Cracked Core","Golden Idol","SsserpentHead","Bottled Lightning","FossilizedHelix","Calipers","Bag of Preparation","Shuriken","Snecko Eye","Sling","Pear","Strawberry","Orrery","Smiling Mask","Dream Catcher","Runic Dome","Bronze Scales","Art of War","Molten Egg 2","ClockworkSouvenir","Kunai","Orichalcum"],"potions_floor_usage":[14,29,41,56],"damage_taken":[{"damage":0,"enemies":"Cultist","floor":1,"turns":2},{"damage":2,"enemies":"Jaw Worm","floor":4,"turns":3},{"damage":0,"enemies":"Small Slimes","floor":5,"turns":1},{"damage":1,"enemies":"Exordium Thugs","floor":7,"turns":2},{"damage":23,"enemies":"Lagavulin","floor":8,"turns":7},{"damage":0,"enemies":"Blue Slaver","floor":10,"turns":3},{"damage":0,"enemies":"Gremlin Nob","floor":11,"turns":3},{"damage":3,"enemies":"Lagavulin","floor":14,"turns":5},{"damage":23,"enemies":"The Guardian","floor":16,"turns":13},{"damage":0,"enemies":"3 Byrds","floor":18,"turns":5},{"damage":0,"enemies":"Spheric Guardian","floor":22,"turns":3},{"damage":0,"enemies":"Snecko","floor":24,"turns":6},{"damage":21,"enemies":"Gremlin Leader","floor":25,"turns":6},{"damage":0,"enemies":"Cultist and Chosen","floor":27,"turns":5},{"damage":0,"enemies":"Book of Stabbing","floor":29,"turns":5},{"damage":0,"enemies":"Collector","floor":33,"turns":10},{"damage":0,"enemies":"Orb Walker","floor":35,"turns":2},{"damage":0,"enemies":"3 Shapes","floor":37,"turns":8},{"damage":0,"enemies":"Reptomancer","floor":41,"turns":7},{"damage":0,"enemies":"Nemesis","floor":44,"turns":9},{"damage":0,"enemies":"Sphere and 2 Shapes","floor":45,"turns":7},{"damage":0,"enemies":"Writhing Mass","floor":46,"turns":7},{"damage":0,"enemies":"Giant Head","floor":47,"turns":7},{"damage":18,"enemies":"3 Darklings","floor":48,"turns":5},{"damage":25,"enemies":"Awakened One","floor":50,"turns":7},{"damage":0,"enemies":"Time Eater","floor":51,"turns":9},{"damage":0,"enemies":"Shield and Spear","floor":55,"turns":6},{"damage":14,"enemies":"The Heart","floor":56,"turns":11}],"seed_played":"2681918901058615055","neow_bonus_log":{"cardsObtained":["Scrape","Hyperbeam"],"cardsUpgraded":[],"cardsRemoved":[],"cardsTransformed":["Strike_B","Strike_B"],"relicsObtained":[],"maxHpGained":0,"goldGained":0,"damageTaken":0,"goldLost":99,"maxHpLost":0},"potions_obtained":[{"floor":8,"key":"GamblersBrew"},{"floor":10,"key":"Strength Potion"},{"floor":14,"key":"FairyPotion"},{"floor":33,"key":"DistilledChaos"},{"floor":44,"key":"AttackPotion"}],"is_trial":false,"path_per_floor":["M","?","?","M","M","R","M","E","T","M","E","$","?","E","R","B",null,"M","?","$","?","M","R","M","E","T","M","$","E","?","?","R","B",null,"M","?","M","?","?","R","E","R","T","E","M","M","E","M","R","B","B",null,"R","$","E","B",null],"character_chosen":"DEFECT","items_purchased":["Bag of Preparation","Recycle","Sling","Orrery","ClockworkSouvenir","Kunai","Dexterity Potion"],"campfire_rested":1,"item_purchase_floors":[12,20,20,28,54,54,54],"current_hp_per_floor":[64,64,64,62,62,62,61,38,38,38,38,38,38,35,35,12,51,51,51,51,51,51,51,51,40,47,47,47,47,47,47,47,47,73,73,73,73,63,63,63,63,63,63,63,63,63,63,45,45,20,20,66,81,78,78,64],"gold":62,"neow_bonus":"TRANSFORM_TWO_CARDS","is_prod":false,"is_daily":false,"rewards_skipped":[{"floor":11,"relics":[],"potions":["SkillPotion"]},{"floor":18,"relics":[],"potions":["Swift Potion"]},{"floor":25,"relics":[],"potions":["Fire Potion"]},{"floor":35,"relics":[],"potions":["SteroidPotion"]},{"floor":47,"relics":[],"potions":["Explosive Potion"]},{"floor":55,"relics":[],"potions":["Explosive Potion"]}],"chose_seed":false,"campfire_upgraded":6,"win_rate":0,"floor_exit_playtime":[406,420,490,598,629,642,702,915,940,986,1082,1127,1162,1359,1377,1607,1947,2113,2139,2232,2268,2378,2385,2510,2725,2734,2868,2934,3102,3115,3159,3170,3424,3558,3656,3673,3796,3828,3836,3873,4046,4055,4062,4232,4326,4431,4541,4647,4664,4831,5009,5065,5091,5148,5324,5633],"timestamp":1652211610,"blue_key_relic_skipped_log":{"floor":43,"relicID":"StrikeDummy"},"path_taken":["M","?","?","?","M","R","M","E","T","M","E","$","?","E","R","BOSS","M","?","$","?","M","R","M","E","T","M","?","E","?","?","R","BOSS","M","?","?","?","?","R","E","R","T","E","M","?","E","M","R","BOSS","BOSS","R","$","E","BOSS"],"build_version":"2022-03-07","purchased_purges":3,"victory":true,"max_hp_per_floor":[71,64,64,64,64,64,64,64,64,64,64,64,64,64,64,64,64,64,64,64,64,64,64,64,74,81,81,81,81,81,81,81,81,81,81,81,81,81,81,81,81,81,81,81,81,81,81,81,81,81,81,81,81,78,78,78],"relic_stats":{"Calipers":[3042],"counters":[28,164],"Golden Idol":217,"Bag of Preparation":[42],"Orichalcum":[0],"Smiling Mask":75,"SsserpentHead":600,"Dream Catcher":1,"Shuriken":[37],"Bronze Scales":[302],"Snecko Eye":[197,216,227,227,-310],"Art of War":[23],"Bottled Lightning":"Conserve Battery","Kunai":[7],"obtain_stats":[{"Calipers":11,"Pear":25,"Golden Idol":2,"Bag of Preparation":12,"Orichalcum":55,"Sling":20,"Smiling Mask":29,"ClockworkSouvenir":54,"SsserpentHead":3,"Runic Dome":34,"Dream Catcher":30,"Shuriken":14,"Strawberry":26,"Bronze Scales":41,"Snecko Eye":17,"Orrery":28,"Molten Egg 2":47,"Art of War":44,"Bottled Lightning":8,"Kunai":54,"Cracked Core":0,"FossilizedHelix":9},{"Calipers":7,"Pear":13,"Golden Idol":1,"Bag of Preparation":7,"Orichalcum":27,"Sling":10,"Smiling Mask":15,"ClockworkSouvenir":26,"SsserpentHead":1,"Runic Dome":16,"Dream Catcher":15,"Shuriken":8,"Strawberry":13,"Bronze Scales":19,"Snecko Eye":9,"Orrery":14,"Molten Egg 2":23,"Art of War":20,"Bottled Lightning":5,"Kunai":26,"Cracked Core":0,"FossilizedHelix":5},{"Calipers":21,"Pear":59,"Golden Idol":2,"Bag of Preparation":21,"Orichalcum":153,"Sling":44,"Smiling Mask":69,"ClockworkSouvenir":147,"SsserpentHead":2,"Runic Dome":79,"Dream Catcher":69,"Shuriken":26,"Strawberry":59,"Bronze Scales":96,"Snecko Eye":39,"Orrery":64,"Molten Egg 2":126,"Art of War":105,"Bottled Lightning":15,"Kunai":147,"Cracked Core":0,"FossilizedHelix":15}],"FossilizedHelix":[169]},"card_choices":[{"not_picked":["Compile Driver","Coolheaded"],"picked":"Beam Cell","floor":1},{"not_picked":["Reprogram","FTL"],"picked":"Rebound","floor":4},{"not_picked":["Chill","Cold Snap"],"picked":"Hologram","floor":5},{"not_picked":["Barrage","BootSequence"],"picked":"Conserve Battery","floor":7},{"not_picked":["Electrodynamics","Chill"],"picked":"Gash","floor":8},{"not_picked":["Compile Driver","BootSequence","Tempest"],"picked":"SKIP","floor":10},{"not_picked":["Static Discharge","Cold Snap","Lockon"],"picked":"SKIP","floor":11},{"not_picked":["Compile Driver","Aggregate"],"picked":"Undo","floor":14},{"not_picked":["Core Surge","Multi-Cast"],"picked":"Echo Form","floor":16},{"not_picked":["Compile Driver","Capacitor","Loop"],"picked":"SKIP","floor":18},{"not_picked":["Gash+1","Stack"],"picked":"Genetic Algorithm","floor":22},{"not_picked":["Hologram","Barrage"],"picked":"Fusion+1","floor":24},{"not_picked":["Thunder Strike","Beam Cell","Coolheaded+1"],"picked":"SKIP","floor":25},{"not_picked":["Steam","Redo"],"picked":"Gash","floor":27},{"not_picked":["Fusion","Capacitor"],"picked":"Reprogram","floor":28},{"not_picked":["Compile Driver","Beam Cell"],"picked":"Echo Form","floor":28},{"not_picked":["Sweeping Beam+1","Steam"],"picked":"Leap+1","floor":28},{"not_picked":["Multi-Cast","Conserve Battery","Darkness"],"picked":"SKIP","floor":28},{"not_picked":["Coolheaded","Glacier","Chill"],"picked":"SKIP","floor":28},{"not_picked":["Sweeping Beam","Barrage","Blizzard"],"picked":"SKIP","floor":29},{"not_picked":["Buffer","Biased Cognition"],"picked":"Meteor Strike","floor":33},{"not_picked":["Cold Snap","Beam Cell+1"],"picked":"Genetic Algorithm","floor":35},{"not_picked":["Swift Strike","Finesse"],"picked":"The Bomb","floor":38},{"not_picked":["Flash of Steel","Transmutation"],"picked":"The Bomb","floor":38},{"not_picked":["Trip","Impatience","Secret Weapon"],"picked":"SKIP","floor":38},{"not_picked":["FTL","Leap","Gash+1"],"picked":"SKIP","floor":41},{"not_picked":["Compile Driver","Coolheaded","Thunder Strike"],"picked":"SKIP","floor":44},{"not_picked":["Rebound","Compile Driver","Stack"],"picked":"SKIP","floor":45},{"not_picked":["Rebound+1","Steam","BootSequence"],"picked":"SKIP","floor":46},{"not_picked":["Heatsinks","Beam Cell+1","Streamline+1"],"picked":"SKIP","floor":47},{"not_picked":["Gash+1","Cold Snap+1","Redo"],"picked":"SKIP","floor":48},{"not_picked":["Steam Power","Multi-Cast","Recycle"],"picked":"SKIP","floor":55}],"player_experience":6882281,"relics_obtained":[{"floor":8,"key":"Bottled Lightning"},{"floor":9,"key":"FossilizedHelix"},{"floor":11,"key":"Calipers"},{"floor":14,"key":"Shuriken"},{"floor":25,"key":"Pear"},{"floor":26,"key":"Strawberry"},{"floor":29,"key":"Smiling Mask"},{"floor":41,"key":"Bronze Scales"},{"floor":44,"key":"Art of War"},{"floor":47,"key":"Molten Egg 2"},{"floor":55,"key":"Orichalcum"}],"event_choices":[{"damage_healed":0,"gold_gain":0,"player_choice":"Lose Max HP","damage_taken":0,"relics_obtained":["Golden Idol"],"max_hp_gain":0,"max_hp_loss":7,"event_name":"Golden Idol","floor":2,"gold_loss":0},{"damage_healed":0,"gold_gain":0,"player_choice":"Trade","damage_taken":0,"relics_obtained":["SsserpentHead"],"max_hp_gain":0,"max_hp_loss":0,"event_name":"FaceTrader","floor":3,"gold_loss":0},{"damage_healed":0,"gold_gain":0,"player_choice":"Forge","damage_taken":0,"max_hp_gain":0,"max_hp_loss":0,"event_name":"Accursed Blacksmith","floor":13,"gold_loss":0,"cards_upgraded":["Beam Cell"]},{"damage_healed":0,"gold_gain":0,"player_choice":"Ignored","damage_taken":0,"max_hp_gain":0,"max_hp_loss":0,"event_name":"Ghosts","floor":19,"gold_loss":0},{"damage_healed":0,"gold_gain":50,"player_choice":"Stole From Cult","damage_taken":0,"max_hp_gain":0,"max_hp_loss":0,"event_name":"Nest","floor":21,"gold_loss":0},{"damage_healed":0,"gold_gain":0,"player_choice":"Obtained Relic","damage_taken":0,"relics_obtained":["Dream Catcher"],"max_hp_gain":0,"max_hp_loss":0,"event_name":"Addict","floor":30,"gold_loss":85},{"damage_healed":0,"gold_gain":0,"player_choice":"Bet on Murderer","damage_taken":0,"max_hp_gain":0,"max_hp_loss":0,"event_name":"The Joust","floor":31,"gold_loss":50},{"damage_healed":0,"gold_gain":0,"player_choice":"Cursed","damage_taken":0,"max_hp_gain":0,"max_hp_loss":0,"event_name":"Wheel of Change","floor":36,"gold_loss":0,"cards_obtained":["Decay"]},{"damage_healed":0,"gold_gain":0,"player_choice":"Memory 3","damage_taken":10,"max_hp_gain":0,"max_hp_loss":0,"event_name":"SensoryStone","floor":38,"gold_loss":0},{"cards_removed":["Decay"],"damage_healed":0,"gold_gain":0,"player_choice":"Purged","damage_taken":0,"max_hp_gain":0,"max_hp_loss":0,"event_name":"Purifier","floor":39,"gold_loss":0}],"is_beta":false,"boss_relics":[{"not_picked":["Philosopher\u0027s Stone","Sozu"],"picked":"Snecko Eye"},{"not_picked":["Pandora\u0027s Box","Busted Crown"],"picked":"Runic Dome"}],"items_purged_floors":[20,28,54],"is_endless":false,"potions_floor_spawned":[8,10,11,14,18,25,33,35,44,47,55],"ascension_level":20,"potion_discard_per_floor":[[],[],[],[],[],[],[],[],[],[],[],[],[],[],[],[],[],[],[],[],[],[],[],[],[],[],[],[],[],[],[],[],[],[],[],[],[],[],[],[],[],[],[],[],[],[],[],[],[],[],[],[],[],["AttackPotion"],[],[],[]]}