{"gold_per_floor":[110,124,134,59,59,59,74,74,74,99,116,116,149,163,163,236,236,254,254,86,136,51,51,81,96,96,96],"floor_reached":27,"playtime":2200,"items_purged":["Blizzard"],"score":582,"play_id":"3d0e50e8-dc13-4699-91de-51e992b63e98","local_time":"20220514125431","is_ascension_mode":true,"campfire_choices":[{"data":"Zap","floor":6,"key":"SMITH"},{"data":"White Noise","floor":8,"key":"SMITH"},{"data":"Scrape","floor":12,"key":"SMITH"},{"floor":15,"key":"REST"},{"data":"Biased Cognition","floor":23,"key":"SMITH"}],"neow_cost":"NONE","seed_source_timestamp":14938784166500,"shop_contents":[{"floor":4,"relics":["Mercury Hourglass","Lantern","Chemical X"],"cards":["Go for the Eyes","Thunder Strike","Double Energy","Stack","Self Repair","Panacea","Metamorphosis"],"potions":["FearPotion","ColorlessPotion","SteroidPotion"]},{"floor":20,"relics":["Art of War","Ginger"],"cards":["Barrage","Ball Lightning","Fusion","Stack","Hello World","Enlightenment","Violence"],"potions":["PowerPotion","Weak Potion","Energy Potion"]}],"circlet_count":0,"master_deck":["AscendersBane","Zap+1","Scrape+1","Loop","Chaos","Loop","White Noise+1","Core Surge","All For One","Cold Snap","Gash","Undo","Sweeping Beam","Force Field","Capacitor","Reboot","Biased Cognition+1","Skim","Genetic Algorithm"],"potion_use_per_floor":[[],[],[],[],[],[],[],[],[],[],["FearPotion"],[],["DistilledChaos"],[],[],[],[],[],[],[],[],[],[],["DistilledChaos"],[],[],["Explosive Potion","GamblersBrew"]],"relics":["Pandora\u0027s Box","Sundial","Juzu Bracelet","Pen Nib","Busted Crown","OrangePellets","Dream Catcher","Frozen Egg 2","Question Card"],"potions_floor_usage":[11,13,24,27,27],"damage_taken":[{"damage":8,"enemies":"2 Louse","floor":1,"turns":3},{"damage":4,"enemies":"Cultist","floor":2,"turns":3},{"damage":5,"enemies":"Small Slimes","floor":3,"turns":3},{"damage":6,"enemies":"Blue Slaver","floor":7,"turns":3},{"damage":0,"enemies":"Lagavulin","floor":10,"turns":6},{"damage":14,"enemies":"Gremlin Gang","floor":11,"turns":4},{"damage":8,"enemies":"3 Sentries","floor":13,"turns":6},{"damage":18,"enemies":"Exordium Wildlife","floor":14,"turns":3},{"damage":6,"enemies":"The Guardian","floor":16,"turns":8},{"damage":0,"enemies":"Spheric Guardian","floor":18,"turns":4},{"damage":0,"enemies":"Gremlin Leader","floor":24,"turns":3},{"damage":0,"enemies":"Chosen","floor":25,"turns":3},{"damage":63,"enemies":"Slavers","floor":27,"turns":2}],"seed_played":"5311372668762866355","neow_bonus_log":{"cardsObtained":[],"cardsUpgraded":[],"cardsRemoved":[],"cardsTransformed":[],"relicsObtained":["Pandora\u0027s Box"],"maxHpGained":0,"goldGained":0,"damageTaken":0,"goldLost":0,"maxHpLost":0},"potions_obtained":[{"floor":1,"key":"FearPotion"},{"floor":10,"key":"GamblersBrew"},{"floor":11,"key":"DistilledChaos"},{"floor":18,"key":"SpeedPotion"},{"floor":19,"key":"DistilledChaos"},{"floor":25,"key":"Explosive Potion"}],"is_trial":false,"path_per_floor":["M","M","M","$","?","R","M","R","T","E","M","R","E","M","R","B",null,"M","?","$","?","?","R","E","M","T","E"],"character_chosen":"DEFECT","items_purchased":["OrangePellets"],"campfire_rested":1,"item_purchase_floors":[20],"current_hp_per_floor":[56,52,47,47,47,47,41,41,41,41,27,27,19,1,22,16,57,57,57,57,57,57,57,57,57,57,0],"gold":96,"neow_bonus":"BOSS_RELIC","is_prod":false,"is_daily":false,"rewards_skipped":[{"floor":19,"relics":[],"potions":["Dexterity Potion"]}],"chose_seed":false,"campfire_upgraded":4,"win_rate":0,"floor_exit_playtime":[268,374,443,477,509,538,604,623,638,778,1037,1045,1193,1250,1254,1432,1650,1736,1742,1807,1852,1858,1872,2021,2094,2122],"timestamp":1652547271,"path_taken":["M","M","M","$","?","R","M","R","T","E","M","R","E","M","R","BOSS","M","?","$","?","?","R","E","M","T","E"],"build_version":"2022-03-07","purchased_purges":1,"victory":false,"max_hp_per_floor":[71,71,71,71,71,71,71,71,71,71,71,71,71,71,71,71,71,71,71,71,71,71,71,71,71,71,71],"relic_stats":{"OrangePellets":[2],"Dream Catcher":0,"Busted Crown":6,"counters":[13,50],"Sundial":[20],"Pandora\u0027s Box":["Scrape","Loop","Chaos","Loop","White Noise","Core Surge","Blizzard","All For One"],"Pen Nib":[5],"Juzu Bracelet":1,"Question Card":0,"obtain_stats":[{"OrangePellets":20,"Dream Catcher":22,"Busted Crown":17,"Sundial":9,"Pandora\u0027s Box":0,"Pen Nib":13,"Juzu Bracelet":10,"Frozen Egg 2":24,"Cracked Core":0,"Question Card":26},{"OrangePellets":10,"Dream Catcher":10,"Busted Crown":9,"Sundial":4,"Pandora\u0027s Box":0,"Pen Nib":7,"Juzu Bracelet":5,"Frozen Egg 2":11,"Cracked Core":0,"Question Card":12},{"OrangePellets":42,"Dream Catcher":42,"Busted Crown":38,"Sundial":12,"Pandora\u0027s Box":0,"Pen Nib":27,"Juzu Bracelet":18,"Frozen Egg 2":45,"Cracked Core":0,"Question Card":48}]},"card_choices":[{"not_picked":["Melter","Stack"],"picked":"Cold Snap","floor":1},{"not_picked":["Ball Lightning","Cold Snap"],"picked":"Gash","floor":2},{"not_picked":["Stack","Conserve Battery"],"picked":"Undo","floor":3},{"not_picked":["Turbo","Ball Lightning"],"picked":"Force Field","floor":7},{"not_picked":["Tempest","Sweeping Beam"],"picked":"Capacitor","floor":10},{"not_picked":["Auto Shields","Stack","Darkness"],"picked":"SKIP","floor":11},{"not_picked":["Static Discharge","Thunder Strike"],"picked":"Reboot","floor":13},{"not_picked":["Leap","Chaos","Conserve Battery"],"picked":"SKIP","floor":14},{"not_picked":["Fission","Creative AI"],"picked":"Biased Cognition","floor":16},{"not_picked":[],"picked":"Skim","floor":18},{"not_picked":["Static Discharge+1"],"picked":"SKIP","floor":24},{"not_picked":[],"picked":"Genetic Algorithm","floor":25}],"player_experience":6935282,"relics_obtained":[{"floor":9,"key":"Sundial"},{"floor":10,"key":"Juzu Bracelet"},{"floor":13,"key":"Pen Nib"},{"floor":24,"key":"Frozen Egg 2"},{"floor":26,"key":"Question Card"}],"event_choices":[{"damage_healed":0,"gold_gain":0,"cards_transformed":["Dualcast"],"player_choice":"Transformed","damage_taken":0,"max_hp_gain":0,"max_hp_loss":0,"event_name":"Transmorgrifier","floor":5,"gold_loss":0,"cards_obtained":["Sweeping Beam"]},{"damage_healed":0,"gold_gain":0,"player_choice":"Got Potions","damage_taken":0,"max_hp_gain":0,"max_hp_loss":0,"event_name":"Lab","floor":19,"gold_loss":0},{"damage_healed":0,"gold_gain":50,"player_choice":"Stole From Cult","damage_taken":0,"max_hp_gain":0,"max_hp_loss":0,"event_name":"Nest","floor":21,"gold_loss":0},{"damage_healed":0,"gold_gain":0,"player_choice":"Obtained Relic","damage_taken":0,"relics_obtained":["Dream Catcher"],"max_hp_gain":0,"max_hp_loss":0,"event_name":"Addict","floor":22,"gold_loss":85}],"is_beta":false,"boss_relics":[{"not_picked":["Velvet Choker","Ectoplasm"],"picked":"Busted Crown"}],"items_purged_floors":[4],"is_endless":false,"potions_floor_spawned":[1,10,11,18,25],"killed_by":"Slavers","ascension_level":20,"potion_discard_per_floor":[[],[],[],[],[],[],[],[],[],[],[],[],[],[],[],[],[],[],["SpeedPotion"],[],[],[],[],[],[],[],[]]}