{"gold_per_floor":[214,214,228,7,20,51,51,80,80,90,90,110,139,139,139,215,215,232,250,250,267,54,82,82,115,165,12,12,12,12,12,12,91,91,110,110,60,335,71,104,104,131,131,158,172,0,0,0,0,0,0,0,0,0,29,29],"floor_reached":56,"playtime":4470,"items_purged":["Strike_B","Strike_B","Writhe","Regret","Strike_B"],"score":2170,"play_id":"9411cd7c-5360-42d8-926d-c8b574bca689","local_time":"20220513181200","is_ascension_mode":true,"campfire_choices":[{"data":"Sunder","floor":7,"key":"SMITH"},{"data":"Undo","floor":11,"key":"SMITH"},{"data":"Conserve Battery","floor":15,"key":"SMITH"},{"data":"Fission","floor":24,"key":"SMITH"},{"data":"Capacitor","floor":28,"key":"SMITH"},{"data":"Rainbow","floor":30,"key":"SMITH"},{"data":"Dualcast","floor":32,"key":"SMITH"},{"data":"Creative AI","floor":41,"key":"SMITH"},{"floor":49,"key":"RECALL"},{"data":"Meteor Strike","floor":53,"key":"SMITH"}],"neow_cost":"NONE","seed_source_timestamp":3301721278236100,"shop_contents":[{"floor":4,"relics":["Dream Catcher","Strange Spoon"],"cards":["Barrage","FTL","Stack","Genetic Algorithm","Hello World","Dark Shackles","Thinking Ahead"],"potions":["Ancient Potion","Dexterity Potion"]},{"floor":22,"relics":["Prayer Wheel","Runic Capacitor"],"cards":["Hyperbeam","Doom and Gloom","Leap","Skim","Static Discharge","Mind Blast","The Bomb"],"potions":["PowerPotion","Fire Potion","SpeedPotion"]},{"floor":27,"relics":["Letter Opener","Nunchaku","Frozen Eye"],"cards":["Ball Lightning","Consume","Steam","Mind Blast","Metamorphosis"],"potions":["SkillPotion","Weak Potion","SmokeBomb"]},{"floor":37,"relics":["Sundial","Torii","OrangePellets"],"cards":["Barrage","Sweeping Beam","Stack","Leap","Capacitor","PanicButton","Chrysalis"],"potions":["BlessingOfTheForge","Energy Potion","FocusPotion"]},{"floor":39,"relics":["Centennial Puzzle","Bottled Flame"],"cards":["Scrape","Gash","Steam Power","Turbo","Heatsinks","Secret Technique"],"potions":["Strength Potion","Strength Potion","FearPotion"]},{"floor":46,"relics":["Whetstone","Toolbox"],"cards":["Lockon","Compile Driver","Leap","Seek","Trip","Secret Weapon"],"potions":["Weak Potion","Explosive Potion","EntropicBrew"]},{"floor":48,"relics":["Art of War","Lizard Tail","Lee\u0027s Waffle"],"cards":["Gash","Barrage","Steam","Hologram","Electrodynamics","PanicButton","Chrysalis"],"potions":["BlessingOfTheForge","EssenceOfSteel","Block Potion"]},{"floor":54,"relics":["Anchor","TungstenRod","Cauldron"],"cards":["Gash","All For One","Leap","Turbo","Static Discharge","Dark Shackles","Panache"],"potions":["FairyPotion","Block Potion","Strength Potion"]}],"circlet_count":0,"master_deck":["AscendersBane","Strike_B","Defend_B","Defend_B","Defend_B","Dualcast+1","Sunder+1","FTL","Undo+1","Conserve Battery+1","Chill","Rip and Tear","Rainbow+1","Coolheaded+1","Self Repair","Chill","Fission+1","Capacitor+1","Compile Driver","Creative AI+1","Heatsinks+1","Dark Shackles","Meteor Strike+1","Writhe","Cold Snap+1","Barrage+1","Defragment+1"],"potion_use_per_floor":[[],[],[],[],[],["SneckoOil"],[],["BlessingOfTheForge","Block Potion"],[],[],[],[],[],[],[],["EssenceOfDarkness"],[],[],[],[],[],[],["AttackPotion"],[],[],[],[],[],[],[],[],[],[],[],[],[],[],[],[],[],[],[],[],[],[],[],[],[],[],[],[],[],[],[],["Block Potion"],["Energy Potion"]],"relics":["Cracked Core","Vajra","Matryoshka","Mercury Hourglass","Smiling Mask","Bottled Lightning","Pen Nib","Darkstone Periapt","Coffee Dripper","PreservedInsect","DataDisk","Bird Faced Urn","Juzu Bracelet","Oddly Smooth Stone","Cursed Key","Membership Card","Toy Ornithopter","Blue Candle","Bronze Scales","Akabeko","Bag of Preparation","Boot"],"potions_floor_usage":[6,8,8,16,23,55,56],"damage_taken":[{"damage":6,"enemies":"Small Slimes","floor":1,"turns":4},{"damage":4,"enemies":"Jaw Worm","floor":3,"turns":3},{"damage":1,"enemies":"2 Louse","floor":5,"turns":2},{"damage":15,"enemies":"3 Sentries","floor":6,"turns":5},{"damage":0,"enemies":"Gremlin Nob","floor":8,"turns":3},{"damage":0,"enemies":"Large Slime","floor":10,"turns":3},{"damage":0,"enemies":"Red Slaver","floor":12,"turns":2},{"damage":19,"enemies":"Lagavulin","floor":13,"turns":6},{"damage":5,"enemies":"Hexaghost","floor":16,"turns":9},{"damage":0,"enemies":"Spheric Guardian","floor":18,"turns":2},{"damage":0,"enemies":"Chosen","floor":19,"turns":3},{"damage":0,"enemies":"Snake Plant","floor":21,"turns":2},{"damage":13,"enemies":"Slavers","floor":23,"turns":4},{"damage":0,"enemies":"Book of Stabbing","floor":25,"turns":4},{"damage":44,"enemies":"Automaton","floor":33,"turns":11},{"damage":1,"enemies":"Orb Walker","floor":35,"turns":3},{"damage":24,"enemies":"Giant Head","floor":40,"turns":7},{"damage":1,"enemies":"Reptomancer","floor":42,"turns":3},{"damage":1,"enemies":"Giant Head","floor":44,"turns":5},{"damage":2,"enemies":"3 Darklings","floor":45,"turns":4},{"damage":66,"enemies":"Time Eater","floor":50,"turns":19},{"damage":38,"enemies":"Awakened One","floor":51,"turns":14},{"damage":42,"enemies":"Shield and Spear","floor":55,"turns":6},{"damage":104,"enemies":"The Heart","floor":56,"turns":6}],"seed_played":"-4191910456879461238","neow_bonus_log":{"cardsObtained":[],"cardsUpgraded":[],"cardsRemoved":[],"cardsTransformed":[],"relicsObtained":[],"maxHpGained":0,"goldGained":100,"damageTaken":0,"goldLost":0,"maxHpLost":0},"potions_obtained":[{"floor":1,"key":"Block Potion"},{"floor":5,"key":"SneckoOil"},{"floor":6,"key":"BlessingOfTheForge"},{"floor":8,"key":"EssenceOfDarkness"},{"floor":16,"key":"AttackPotion"},{"floor":21,"key":"BlessingOfTheForge"},{"floor":23,"key":"Block Potion"},{"floor":40,"key":"Energy Potion"}],"is_trial":false,"path_per_floor":["M","?","M","$","M","E","R","E","T","M","R","M","E","?","R","B",null,"M","M","?","M","$","E","R","E","T","$","R","?","R","?","R","B",null,"M","?","$","?","$","E","R","E","T","E","M","$","?","$","R","B","B",null,"R","$","E","B"],"character_chosen":"DEFECT","items_purchased":["Vajra","FocusPotion","PreservedInsect","Capacitor","Compile Driver","Membership Card","Dark Shackles","Defragment","Bag of Preparation"],"campfire_rested":0,"item_purchase_floors":[4,4,22,27,27,39,39,46,46],"current_hp_per_floor":[58,63,59,59,58,43,43,43,43,43,43,43,24,19,19,14,61,61,61,61,68,68,62,62,69,69,69,69,75,75,75,75,42,72,82,82,82,88,88,73,73,88,94,94,94,94,94,94,94,94,77,90,90,90,76,0],"gold":29,"neow_bonus":"HUNDRED_GOLD","is_prod":false,"is_daily":false,"rewards_skipped":[{"floor":44,"relics":[],"potions":["BlessingOfTheForge"]}],"chose_seed":false,"campfire_upgraded":9,"win_rate":0,"floor_exit_playtime":[222,244,297,381,443,598,606,698,744,809,820,866,977,985,1011,1239,1383,1457,1560,1679,1727,1787,1972,1979,2061,2077,2124,2134,2166,2183,2192,2207,2450,2528,2600,2610,2633,2644,2691,2882,2890,3003,3012,3171,3292,3332,3339,3351,3358,3677,3989,4010,4038,4058,4208],"timestamp":1652479920,"blue_key_relic_skipped_log":{"floor":26,"relicID":"MawBank"},"path_taken":["M","?","M","$","M","E","R","E","T","M","R","M","E","?","R","BOSS","M","M","?","M","$","E","R","E","T","$","R","?","R","?","R","BOSS","M","?","$","?","$","E","R","E","T","E","M","$","?","?","R","BOSS","BOSS","R","$","E","BOSS"],"build_version":"2022-03-07","purchased_purges":5,"victory":false,"max_hp_per_floor":[71,76,76,76,76,76,76,76,76,76,76,76,76,76,76,76,76,76,76,76,76,76,76,76,76,76,76,76,82,82,82,82,82,82,82,82,82,88,88,88,88,88,94,94,94,94,94,94,94,94,94,94,94,94,94,94],"relic_stats":{"Darkstone Periapt":18,"counters":[24,128],"Blue Candle":[6],"Pen Nib":[17],"PreservedInsect":480,"Juzu Bracelet":2,"Bag of Preparation":[8],"Smiling Mask":213,"Cursed Key":1,"Boot":[0],"Mercury Hourglass":[377],"Matryoshka":2,"Bird Faced Urn":[143],"Bronze Scales":[273],"Bottled Lightning":"Undo","Membership Card":334,"obtain_stats":[{"Darkstone Periapt":14,"Blue Candle":42,"Vajra":4,"Oddly Smooth Stone":29,"Pen Nib":13,"PreservedInsect":22,"Juzu Bracelet":26,"Bag of Preparation":46,"Smiling Mask":9,"Cursed Key":34,"Boot":55,"Akabeko":44,"Mercury Hourglass":8,"DataDisk":23,"Matryoshka":6,"Bird Faced Urn":25,"Bronze Scales":43,"Coffee Dripper":17,"Bottled Lightning":9,"Membership Card":39,"Cracked Core":0,"Toy Ornithopter":40},{"Darkstone Periapt":8,"Blue Candle":18,"Vajra":2,"Oddly Smooth Stone":14,"Pen Nib":8,"PreservedInsect":12,"Juzu Bracelet":14,"Bag of Preparation":20,"Smiling Mask":5,"Cursed Key":15,"Boot":23,"Akabeko":19,"Mercury Hourglass":5,"DataDisk":13,"Matryoshka":4,"Bird Faced Urn":14,"Bronze Scales":18,"Coffee Dripper":9,"Bottled Lightning":5,"Membership Card":16,"Cracked Core":0,"Toy Ornithopter":17},{"Darkstone Periapt":27,"Blue Candle":74,"Vajra":7,"Oddly Smooth Stone":51,"Pen Nib":27,"PreservedInsect":43,"Juzu Bracelet":51,"Bag of Preparation":83,"Smiling Mask":17,"Cursed Key":61,"Boot":122,"Akabeko":79,"Mercury Hourglass":17,"DataDisk":47,"Matryoshka":14,"Bird Faced Urn":51,"Bronze Scales":74,"Coffee Dripper":36,"Bottled Lightning":17,"Membership Card":64,"Cracked Core":0,"Toy Ornithopter":71}],"Toy Ornithopter":10},"card_choices":[{"not_picked":["White Noise","Sweeping Beam"],"picked":"Sunder","floor":1},{"not_picked":["Stack","Streamline","Chaos"],"picked":"SKIP","floor":3},{"not_picked":["Scrape","Leap"],"picked":"FTL","floor":5},{"not_picked":["Multi-Cast","Leap","Turbo"],"picked":"SKIP","floor":6},{"not_picked":["Rip and Tear","Streamline"],"picked":"Undo","floor":8},{"not_picked":["Compile Driver","Streamline"],"picked":"Conserve Battery","floor":10},{"not_picked":["Gash","Coolheaded"],"picked":"Chill","floor":12},{"not_picked":["Streamline","Rainbow"],"picked":"Rip and Tear","floor":13},{"not_picked":["Creative AI","Amplify"],"picked":"Rainbow","floor":16},{"not_picked":["Turbo","Streamline"],"picked":"Coolheaded+1","floor":19},{"not_picked":["Streamline","Redo","Conserve Battery"],"picked":"SKIP","floor":21},{"not_picked":["Turbo","Recycle"],"picked":"Fission","floor":23},{"not_picked":["Leap","Static Discharge","FTL"],"picked":"SKIP","floor":25},{"not_picked":["Amplify","All For One"],"picked":"Creative AI","floor":33},{"not_picked":["Turbo+1","Static Discharge"],"picked":"Heatsinks+1","floor":35},{"not_picked":["Leap","Reprogram"],"picked":"Meteor Strike","floor":40},{"not_picked":["Static Discharge","Scrape+1","Redo"],"picked":"SKIP","floor":42},{"not_picked":["Genetic Algorithm+1","Glacier"],"picked":"Cold Snap+1","floor":44},{"not_picked":["Gash+1","FTL+1"],"picked":"Barrage+1","floor":45},{"not_picked":["Double Energy","Conserve Battery","Undo"],"picked":"SKIP","floor":55}],"player_experience":6930812,"relics_obtained":[{"floor":6,"key":"Matryoshka"},{"floor":8,"key":"Mercury Hourglass"},{"floor":9,"key":"Smiling Mask"},{"floor":9,"key":"Bottled Lightning"},{"floor":13,"key":"Pen Nib"},{"floor":23,"key":"DataDisk"},{"floor":25,"key":"Bird Faced Urn"},{"floor":26,"key":"Juzu Bracelet"},{"floor":40,"key":"Toy Ornithopter"},{"floor":42,"key":"Blue Candle"},{"floor":43,"key":"Bronze Scales"},{"floor":44,"key":"Akabeko"},{"floor":55,"key":"Boot"}],"event_choices":[{"damage_healed":0,"gold_gain":0,"player_choice":"Donut","damage_taken":0,"max_hp_gain":5,"max_hp_loss":0,"event_name":"Big Fish","floor":2,"gold_loss":0},{"damage_healed":0,"gold_gain":0,"player_choice":"Success","damage_taken":5,"relics_obtained":["Darkstone Periapt"],"max_hp_gain":0,"max_hp_loss":0,"event_name":"Scrap Ooze","floor":14,"gold_loss":0},{"damage_healed":0,"gold_gain":0,"cards_transformed":["Zap","Defend_B"],"player_choice":"Became Test Subject","damage_taken":0,"max_hp_gain":0,"max_hp_loss":0,"event_name":"Drug Dealer","floor":20,"gold_loss":0,"cards_obtained":["Self Repair","Chill"]},{"damage_healed":0,"gold_gain":0,"player_choice":"Opened","damage_taken":0,"relics_obtained":["Oddly Smooth Stone"],"max_hp_gain":0,"max_hp_loss":0,"event_name":"The Mausoleum","floor":29,"gold_loss":0,"cards_obtained":["Writhe"]},{"damage_healed":0,"gold_gain":0,"player_choice":"Ignored","damage_taken":0,"max_hp_gain":0,"max_hp_loss":0,"event_name":"Vampires","floor":31,"gold_loss":0},{"damage_healed":0,"gold_gain":0,"player_choice":"Ignored","damage_taken":0,"max_hp_gain":0,"max_hp_loss":0,"event_name":"SecretPortal","floor":36,"gold_loss":0},{"damage_healed":0,"gold_gain":275,"player_choice":"Desecrate","damage_taken":0,"max_hp_gain":0,"max_hp_loss":0,"event_name":"Golden Shrine","floor":38,"gold_loss":0,"cards_obtained":["Regret"]},{"damage_healed":0,"gold_gain":0,"player_choice":"Upgraded","damage_taken":0,"max_hp_gain":0,"max_hp_loss":0,"event_name":"Upgrade Shrine","floor":47,"gold_loss":0,"cards_upgraded":["Defragment"]}],"is_beta":false,"boss_relics":[{"not_picked":["Empty Cage","Runic Dome"],"picked":"Coffee Dripper"},{"not_picked":["Philosopher\u0027s Stone","Pandora\u0027s Box"],"picked":"Cursed Key"}],"items_purged_floors":[22,27,37,39,46],"is_endless":false,"potions_floor_spawned":[1,5,6,8,16,21,23,40,44],"killed_by":"The Heart","ascension_level":20,"potion_discard_per_floor":[[],[],[],[],["FocusPotion"],[],[],[],[],[],[],[],[],[],[],[],[],[],[],[],[],[],[],[],[],[],[],[],[],[],[],[],[],[],[],[],[],[],[],["BlessingOfTheForge"],[],[],[],[],[],[],[],[],[],[],[],[],[],[],[],[]]}