{"gold_per_floor":[213,223,223,18,29,29,61,74,121,149,161,208,220,246,258,347,359,385,415,427,454,35,64,64,77,77,77,77,106,117,127,127,204,204,224,240,240,250,263,295,295,311,311,321,338,367,382,397,397,397,397,397,397,11,39,39],"floor_reached":57,"playtime":7040,"items_purged":[],"score":2935,"play_id":"0fc88d87-08ac-4167-ac56-c284bf1d3837","local_time":"20220510073730","is_ascension_mode":true,"campfire_choices":[{"data":"Zap","floor":6,"key":"SMITH"},{"data":"Genetic Algorithm","floor":11,"key":"SMITH"},{"data":"Reprogram","floor":13,"key":"SMITH"},{"data":"Skim","floor":15,"key":"SMITH"},{"data":"Reboot","floor":24,"key":"SMITH"},{"data":"Beam Cell","floor":32,"key":"SMITH"},{"floor":41,"key":"RECALL"},{"data":"Reboot","floor":49,"key":"SMITH"},{"data":"Reinforced Body","floor":53,"key":"SMITH"}],"neow_cost":"NONE","seed_source_timestamp":1569874166175300,"shop_contents":[{"floor":4,"relics":["Vajra","Mummified Hand","Lee\u0027s Waffle"],"cards":["Go for the Eyes","Turbo","Static Discharge","Mind Blast","The Bomb"],"potions":["Weak Potion","BlessingOfTheForge"]},{"floor":22,"relics":["Cables"],"cards":["Ball Lightning","Gash","Conserve Battery","Reinforced Body","Electrodynamics","Purity","Violence"],"potions":["EntropicBrew","GamblersBrew","Energy Potion"]},{"floor":54,"relics":["Boot","Medical Kit"],"cards":["Blizzard","Rebound","Conserve Battery","Reinforced Body","Storm","Good Instincts"],"potions":["Dexterity Potion","Strength Potion","Block Potion"]}],"circlet_count":0,"master_deck":["AscendersBane","Strike_B+1","Strike_B+1","Strike_B+1","Strike_B+1","Defend_B+1","Defend_B+1","Defend_B+1","Defend_B+1","Dualcast","Steam","Chaos+1","FTL","Genetic Algorithm+1","Compile Driver","Cold Snap","FTL","Skim+1","Reprogram+1","Rebound","Reboot+1","Compile Driver","Steam","Undo+1","Turbo","Genetic Algorithm+1","Self Repair+1","Go for the Eyes+1","Beam Cell+1","Reboot+1","FTL","Go for the Eyes+1","Reinforced Body+1","Compile Driver","Compile Driver","Skim+1","Beam Cell+1","Magnetism"],"potion_use_per_floor":[[],[],[],[],[],[],["DistilledChaos"],[],[],[],[],[],[],[],[],["Fruit Juice","BlessingOfTheForge"],[],[],[],[],["DistilledChaos"],[],["ColorlessPotion"],[],[],[],[],[],["FearPotion","EntropicBrew"],[],[],[],["Regen Potion"],[],[],[],[],[],[],["ColorlessPotion"],[],["Fire Potion"],[],[],[],[],[],[],[],[],[],[],[],[],[],["DistilledChaos"],[]],"relics":["Cracked Core","Orichalcum","Happy Flower","MawBank","Oddly Smooth Stone","Coffee Dripper","InkBottle","TheAbacus","White Beast Statue","Singing Bowl","Prayer Wheel","Nuclear Battery","Akabeko","Shuriken","Toy Ornithopter","Bag of Preparation"],"potions_floor_usage":[7,16,16,21,23,29,29,33,40,42,56],"damage_taken":[{"damage":10,"enemies":"Small Slimes","floor":1,"turns":4},{"damage":1,"enemies":"Cultist","floor":2,"turns":3},{"damage":8,"enemies":"2 Louse","floor":5,"turns":3},{"damage":0,"enemies":"Lagavulin","floor":7,"turns":7},{"damage":8,"enemies":"Large Slime","floor":8,"turns":4},{"damage":16,"enemies":"Gremlin Nob","floor":10,"turns":4},{"damage":8,"enemies":"Lagavulin","floor":12,"turns":7},{"damage":10,"enemies":"Exordium Thugs","floor":14,"turns":5},{"damage":5,"enemies":"Hexaghost","floor":16,"turns":9},{"damage":0,"enemies":"Spheric Guardian","floor":18,"turns":3},{"damage":3,"enemies":"3 Byrds","floor":19,"turns":7},{"damage":16,"enemies":"Snecko","floor":21,"turns":6},{"damage":15,"enemies":"Slavers","floor":23,"turns":7},{"damage":6,"enemies":"Shelled Parasite and Fungi","floor":25,"turns":5},{"damage":5,"enemies":"Book of Stabbing","floor":29,"turns":5},{"damage":0,"enemies":"Snake Plant","floor":30,"turns":7},{"damage":0,"enemies":"Centurion and Healer","floor":31,"turns":9},{"damage":3,"enemies":"Automaton","floor":33,"turns":9},{"damage":2,"enemies":"3 Darklings","floor":35,"turns":6},{"damage":0,"enemies":"Orb Walker","floor":36,"turns":3},{"damage":4,"enemies":"Spire Growth","floor":38,"turns":6},{"damage":0,"enemies":"4 Shapes","floor":39,"turns":6},{"damage":7,"enemies":"Reptomancer","floor":40,"turns":10},{"damage":0,"enemies":"Jaw Worm Horde","floor":42,"turns":5},{"damage":0,"enemies":"Transient","floor":44,"turns":6},{"damage":5,"enemies":"3 Darklings","floor":45,"turns":9},{"damage":0,"enemies":"Giant Head","floor":46,"turns":9},{"damage":3,"enemies":"4 Shapes","floor":47,"turns":6},{"damage":6,"enemies":"Writhing Mass","floor":48,"turns":9},{"damage":0,"enemies":"Awakened One","floor":50,"turns":9},{"damage":22,"enemies":"Time Eater","floor":51,"turns":11},{"damage":7,"enemies":"Shield and Spear","floor":55,"turns":9},{"damage":30,"enemies":"The Heart","floor":56,"turns":10}],"seed_played":"5029230815364836088","neow_bonus_log":{"cardsObtained":[],"cardsUpgraded":[],"cardsRemoved":[],"cardsTransformed":[],"relicsObtained":[],"maxHpGained":0,"goldGained":100,"damageTaken":0,"goldLost":0,"maxHpLost":0},"potions_obtained":[{"floor":2,"key":"DistilledChaos"},{"floor":10,"key":"Fruit Juice"},{"floor":16,"key":"DistilledChaos"},{"floor":19,"key":"ColorlessPotion"},{"floor":21,"key":"Energy Potion"},{"floor":23,"key":"FearPotion"},{"floor":25,"key":"EntropicBrew"},{"floor":29,"key":"DistilledChaos"},{"floor":30,"key":"GamblersBrew"},{"floor":31,"key":"Regen Potion"},{"floor":33,"key":"Strength Potion"},{"floor":36,"key":"ColorlessPotion"},{"floor":40,"key":"Fire Potion"},{"floor":42,"key":"LiquidMemories"},{"floor":45,"key":"DistilledChaos"}],"is_trial":false,"path_per_floor":["M","M","?","$","M","R","E","M","T","E","R","E","R","M","R","B",null,"M","M","?","M","$","E","R","M","T","?","?","E","M","M","R","B",null,"M","M","?","M","M","E","R","M","T","M","M","E","M","M","R","B","B",null,"R","$","E","B",null],"character_chosen":"DEFECT","items_purchased":["FTL","Genetic Algorithm","BlessingOfTheForge","InkBottle","TheAbacus","Toy Ornithopter","Magnetism"],"campfire_rested":0,"item_purchase_floors":[4,4,4,22,22,54,54],"current_hp_per_floor":[54,53,53,53,45,45,45,37,37,21,21,13,13,3,3,3,58,58,55,55,39,39,24,24,18,18,18,18,13,25,37,37,59,75,82,84,80,84,86,86,86,90,90,94,96,98,98,102,102,102,90,99,99,99,104,79],"gold":39,"neow_bonus":"HUNDRED_GOLD","is_prod":false,"is_daily":false,"rewards_skipped":[{"floor":5,"relics":[],"potions":["Energy Potion"]},{"floor":35,"relics":[],"potions":["PotionOfCapacity"]},{"floor":38,"relics":[],"potions":["BlessingOfTheForge"]},{"floor":39,"relics":[],"potions":["SkillPotion"]},{"floor":44,"relics":[],"potions":["SpeedPotion"]},{"floor":46,"relics":[],"potions":["SkillPotion"]},{"floor":47,"relics":[],"potions":["Dexterity Potion"]},{"floor":48,"relics":[],"potions":["Energy Potion"]},{"floor":55,"relics":[],"potions":["Strength Potion"]}],"chose_seed":false,"campfire_upgraded":8,"win_rate":0,"floor_exit_playtime":[109,279,400,569,658,666,787,868,871,1020,1047,1291,1299,1398,1433,1692,1759,1856,2044,2060,2225,2318,2562,2569,2728,2736,2752,2762,2940,3116,3340,3351,3620,3650,3843,3936,3975,4129,4288,4632,4650,4934,4937,5101,5326,5520,5645,5832,5841,6068,6374,6395,6407,6454,6671,7040],"timestamp":1652182650,"blue_key_relic_skipped_log":{"floor":43,"relicID":"StoneCalendar"},"path_taken":["M","M","?","$","M","R","E","?","T","E","R","E","R","M","R","BOSS","M","M","?","?","?","E","R","?","T","?","?","E","M","M","R","BOSS","M","M","?","M","M","E","R","M","T","M","M","E","M","M","R","BOSS","BOSS","R","$","E","BOSS"],"build_version":"2022-03-07","purchased_purges":0,"victory":true,"max_hp_per_floor":[71,71,71,71,71,71,71,71,71,71,71,71,71,71,71,76,76,76,76,76,76,76,76,76,76,76,76,76,76,78,80,80,80,80,82,84,80,84,86,86,86,90,90,94,96,98,98,102,102,102,102,102,102,102,104,104],"relic_stats":{"Happy Flower":[65],"Singing Bowl":32,"counters":[33,218],"Bag of Preparation":[2],"Orichalcum":[156],"MawBank":144,"White Beast Statue":[0.0,0.0,0.0,0.4,0.0,0.6000000000000001,0.0,0.0,0.0,0.0,0.0,6.934469672960003],"TheAbacus":[348],"Shuriken":[48],"Prayer Wheel":11,"obtain_stats":[{"Happy Flower":9,"Singing Bowl":26,"Oddly Smooth Stone":12,"Bag of Preparation":55,"Orichalcum":7,"MawBank":10,"White Beast Statue":23,"Akabeko":40,"Nuclear Battery":34,"TheAbacus":22,"Shuriken":46,"Prayer Wheel":29,"Coffee Dripper":17,"Cracked Core":0,"InkBottle":22,"Toy Ornithopter":54},{"Happy Flower":5,"Singing Bowl":14,"Oddly Smooth Stone":7,"Bag of Preparation":32,"Orichalcum":4,"MawBank":6,"White Beast Statue":13,"Akabeko":23,"Nuclear Battery":18,"TheAbacus":12,"Shuriken":27,"Prayer Wheel":15,"Coffee Dripper":9,"Cracked Core":0,"InkBottle":12,"Toy Ornithopter":31},{"Happy Flower":21,"Singing Bowl":74,"Oddly Smooth Stone":32,"Bag of Preparation":208,"Orichalcum":17,"MawBank":25,"White Beast Statue":69,"Akabeko":135,"Nuclear Battery":104,"TheAbacus":62,"Shuriken":164,"Prayer Wheel":79,"Coffee Dripper":46,"Cracked Core":0,"InkBottle":62,"Toy Ornithopter":199}],"InkBottle":[93],"Toy Ornithopter":5},"card_choices":[{"not_picked":["Hello World","Gash"],"picked":"Steam","floor":1},{"not_picked":["Fusion","Gash"],"picked":"Chaos","floor":2},{"not_picked":["Gash","Undo"],"picked":"Compile Driver","floor":5},{"not_picked":["Leap","Go for the Eyes"],"picked":"Cold Snap","floor":7},{"not_picked":["Hologram","Tempest"],"picked":"FTL","floor":8},{"not_picked":["Reboot","Scrape"],"picked":"Skim","floor":10},{"not_picked":["Melter","Auto Shields"],"picked":"Reprogram","floor":12},{"not_picked":["Stack","Chaos"],"picked":"Rebound","floor":14},{"not_picked":["Multi-Cast","Creative AI"],"picked":"Reboot","floor":16},{"not_picked":["Glacier","Coolheaded"],"picked":"Compile Driver","floor":18},{"not_picked":["Streamline","Blizzard"],"picked":"Steam","floor":19},{"not_picked":["Blizzard+1","Leap","Auto Shields"],"picked":"SKIP","floor":21},{"not_picked":["Steam","Compile Driver"],"picked":"Undo+1","floor":23},{"not_picked":["Static Discharge+1","Redo"],"picked":"Turbo","floor":25},{"not_picked":["Darkness","Melter"],"picked":"Self Repair+1","floor":29},{"not_picked":["Aggregate","Heatsinks"],"picked":"Go for the Eyes+1","floor":30},{"not_picked":["Double Energy","Consume","Ball Lightning"],"picked":"Singing Bowl","floor":30},{"not_picked":["Meteor Strike","Storm"],"picked":"Beam Cell","floor":31},{"not_picked":["Darkness","Steam+1","Genetic Algorithm"],"picked":"Singing Bowl","floor":31},{"not_picked":["Thunder Strike","Creative AI"],"picked":"Reboot","floor":33},{"not_picked":["Coolheaded","Reinforced Body"],"picked":"FTL","floor":35},{"not_picked":["White Noise","Streamline","Conserve Battery"],"picked":"Singing Bowl","floor":35},{"not_picked":["Glacier","Chaos"],"picked":"Go for the Eyes+1","floor":36},{"not_picked":["Coolheaded","Sweeping Beam","Ball Lightning"],"picked":"Singing Bowl","floor":36},{"not_picked":["Glacier","Redo","Leap"],"picked":"Singing Bowl","floor":38},{"not_picked":["Storm+1","Leap","Stack"],"picked":"Singing Bowl","floor":38},{"not_picked":["Go for the Eyes","Buffer"],"picked":"Reinforced Body","floor":39},{"not_picked":["Ball Lightning","Fusion","Leap"],"picked":"Singing Bowl","floor":39},{"not_picked":["Rebound","Steam"],"picked":"Compile Driver","floor":40},{"not_picked":["Self Repair","Redo","Cold Snap+1"],"picked":"Singing Bowl","floor":42},{"not_picked":["Leap","Blizzard","Static Discharge"],"picked":"Singing Bowl","floor":42},{"not_picked":["Ball Lightning","Steam+1","Rebound"],"picked":"Singing Bowl","floor":44},{"not_picked":["Steam","Defragment","Reinforced Body"],"picked":"Singing Bowl","floor":44},{"not_picked":["White Noise+1","Genetic Algorithm+1"],"picked":"Compile Driver","floor":45},{"not_picked":["Stack","Creative AI","Heatsinks+1"],"picked":"Singing Bowl","floor":45},{"not_picked":["Electrodynamics","Storm","Ball Lightning"],"picked":"Singing Bowl","floor":46},{"not_picked":["White Noise+1","Genetic Algorithm"],"picked":"Skim+1","floor":47},{"not_picked":["Conserve Battery","Self Repair"],"picked":"Beam Cell+1","floor":47},{"not_picked":["Stack","Leap+1","Cold Snap"],"picked":"Singing Bowl","floor":48},{"not_picked":["Capacitor+1","Loop","Storm"],"picked":"Singing Bowl","floor":48},{"not_picked":["Ball Lightning","Gash","Rebound+1"],"picked":"Singing Bowl","floor":55}],"player_experience":12855670,"relics_obtained":[{"floor":7,"key":"Orichalcum"},{"floor":9,"key":"Happy Flower"},{"floor":10,"key":"MawBank"},{"floor":12,"key":"Oddly Smooth Stone"},{"floor":23,"key":"White Beast Statue"},{"floor":26,"key":"Singing Bowl"},{"floor":29,"key":"Prayer Wheel"},{"floor":40,"key":"Akabeko"},{"floor":46,"key":"Shuriken"},{"floor":55,"key":"Bag of Preparation"}],"event_choices":[{"damage_healed":0,"gold_gain":0,"player_choice":"Forge","damage_taken":0,"max_hp_gain":0,"max_hp_loss":0,"event_name":"Accursed Blacksmith","floor":3,"gold_loss":0,"cards_upgraded":["Chaos"]},{"cards_removed":["Zap"],"damage_healed":0,"gold_gain":0,"player_choice":"Purged","damage_taken":0,"max_hp_gain":0,"max_hp_loss":0,"event_name":"Purifier","floor":20,"gold_loss":0},{"damage_healed":0,"gold_gain":0,"player_choice":"Copied","damage_taken":0,"max_hp_gain":0,"max_hp_loss":0,"event_name":"Duplicator","floor":27,"gold_loss":0,"cards_obtained":["Genetic Algorithm"]},{"damage_healed":0,"gold_gain":0,"player_choice":"Simplicity","damage_taken":0,"max_hp_gain":0,"max_hp_loss":0,"event_name":"Back to Basics","floor":28,"gold_loss":0,"cards_upgraded":["Strike_B","Strike_B","Strike_B","Strike_B","Defend_B","Defend_B","Defend_B","Defend_B"]},{"damage_healed":0,"gold_gain":0,"player_choice":"Max HP","damage_taken":0,"max_hp_gain":0,"max_hp_loss":4,"event_name":"Winding Halls","floor":37,"gold_loss":0}],"is_beta":false,"boss_relics":[{"not_picked":["Calling Bell","Tiny House"],"picked":"Coffee Dripper"},{"not_picked":["Fusion Hammer","SacredBark"],"picked":"Nuclear Battery"}],"items_purged_floors":[],"is_endless":false,"potions_floor_spawned":[2,5,10,16,19,21,23,25,29,30,31,33,35,36,38,39,40,42,44,45,46,47,48,55],"ascension_level":20,"potion_discard_per_floor":[[],[],[],[],[],[],[],[],[],[],[],[],[],[],[],[],[],[],[],[],[],[],[],[],["Energy Potion"],[],[],[],["FocusPotion"],["EssenceOfDarkness"],["GamblersBrew"],[],[],[],[],["Strength Potion"],[],[],[],[],[],[],[],[],["LiquidMemories"],[],[],[],[],[],[],[],[],[],[],[],[]]}