{"gold_per_floor":[113,128,128,203,214,214,225,243,293,304,319,33,33,53,53,131,131,102,102,122,22,33,33,48,58,58,58,108,143,143,155,155,229,229,246,82,82,99,112,140,157,186,261,287,287,297,309,309,309,309,309,309,309,37,64,64],"floor_reached":57,"playtime":5737,"items_purged":["Strike_B","Pain"],"score":2845,"play_id":"c597e0ef-c3ae-414a-a7ce-8194e7ef9fde","local_time":"20220511174234","is_ascension_mode":true,"campfire_choices":[{"floor":6,"key":"REST"},{"data":"Barrage","floor":13,"key":"SMITH"},{"data":"Zap","floor":15,"key":"SMITH"},{"data":"Biased Cognition","floor":23,"key":"SMITH"},{"data":"Redo","floor":27,"key":"SMITH"},{"data":"Self Repair","floor":30,"key":"SMITH"},{"data":"Coolheaded","floor":32,"key":"SMITH"},{"data":"Consume","floor":45,"key":"SMITH"},{"floor":49,"key":"RECALL"},{"data":"Seek","floor":53,"key":"SMITH"}],"neow_cost":"NONE","seed_source_timestamp":3125870253639200,"shop_contents":[{"floor":12,"relics":["Incense Burner","CeramicFish"],"cards":["Doom and Gloom","Beam Cell","Reboot","Self Repair","Impatience","Panache"],"potions":["BlessingOfTheForge","Block Potion","Dexterity Potion"]},{"floor":21,"relics":["Potion Belt","Calipers","ClockworkSouvenir"],"cards":["FTL","Ball Lightning","Coolheaded","Hologram","Defragment","PanicButton","Apotheosis"],"potions":["LiquidBronze","SpeedPotion","FocusPotion"]},{"floor":36,"relics":["Happy Flower","Lantern","Runic Capacitor"],"cards":["Compile Driver","Cold Snap","Redo","Dramatic Entrance","Magnetism"],"potions":["Strength Potion","SkillPotion","BlessingOfTheForge"]},{"floor":54,"relics":["Turnip","PrismaticShard"],"cards":["Cold Snap","Beam Cell","Coolheaded","Turbo","Hello World","Good Instincts","Thinking Ahead"],"potions":["EssenceOfDarkness","Explosive Potion","FairyPotion"]}],"circlet_count":0,"master_deck":["AscendersBane","Zap+1","Dualcast","Ball Lightning","Leap","Coolheaded","Electrodynamics","Genetic Algorithm","Cold Snap","Barrage+1","Glacier","Lockon","Biased Cognition+1","Thunder Strike","Reboot","Cold Snap","Beam Cell","Steam","Go for the Eyes","Redo+1","Hologram","Static Discharge+1","Coolheaded+1","Chill","Self Repair+1","Heatsinks","Seek+1","Turbo","Consume+1","Heatsinks","Biased Cognition+1","Chill","Skim","Hologram","Go for the Eyes"],"potion_use_per_floor":[[],[],[],[],[],[],["AttackPotion"],[],[],[],["EssenceOfSteel"],[],[],[],[],[],[],["Block Potion"],[],[],[],[],[],["Explosive Potion"],[],[],[],[],[],[],[],[],["FocusPotion"],[],[],[],[],[],[],[],[],["GamblersBrew"],[],[],[],[],[],[],[],[],[],[],[],[],[],["LiquidBronze","DuplicationPotion"],[]],"relics":["Inserter","Darkstone Periapt","Toy Ornithopter","Toolbox","Pandora\u0027s Box","WarpedTongs","Cables","Centennial Puzzle","Coffee Dripper","TungstenRod","Torii","Art of War","StrikeDummy","Bronze Scales"],"potions_floor_usage":[7,11,18,24,33,42,56,56],"damage_taken":[{"damage":9,"enemies":"Jaw Worm","floor":1,"turns":4},{"damage":6,"enemies":"2 Louse","floor":2,"turns":3},{"damage":4,"enemies":"Small Slimes","floor":5,"turns":4},{"damage":9,"enemies":"Exordium Thugs","floor":7,"turns":3},{"damage":2,"enemies":"Looter","floor":8,"turns":4},{"damage":1,"enemies":"2 Fungi Beasts","floor":10,"turns":3},{"damage":8,"enemies":"Red Slaver","floor":11,"turns":5},{"damage":4,"enemies":"Looter","floor":14,"turns":3},{"damage":1,"enemies":"Hexaghost","floor":16,"turns":9},{"damage":0,"enemies":"2 Thieves","floor":18,"turns":4},{"damage":12,"enemies":"Shell Parasite","floor":20,"turns":6},{"damage":0,"enemies":"Snecko","floor":22,"turns":7},{"damage":0,"enemies":"3 Cultists","floor":24,"turns":4},{"damage":7,"enemies":"Shelled Parasite and Fungi","floor":25,"turns":6},{"damage":12,"enemies":"Gremlin Leader","floor":29,"turns":5},{"damage":1,"enemies":"Cultist and Chosen","floor":31,"turns":6},{"damage":28,"enemies":"Collector","floor":33,"turns":7},{"damage":1,"enemies":"3 Darklings","floor":35,"turns":4},{"damage":4,"enemies":"3 Shapes","floor":38,"turns":4},{"damage":0,"enemies":"Sphere and 2 Shapes","floor":39,"turns":8},{"damage":3,"enemies":"Giant Head","floor":40,"turns":5},{"damage":0,"enemies":"4 Shapes","floor":41,"turns":2},{"damage":26,"enemies":"Nemesis","floor":42,"turns":7},{"damage":23,"enemies":"Giant Head","floor":44,"turns":8},{"damage":0,"enemies":"Writhing Mass","floor":46,"turns":4},{"damage":0,"enemies":"Spire Growth","floor":47,"turns":5},{"damage":0,"enemies":"Awakened One","floor":50,"turns":18},{"damage":0,"enemies":"Donu and Deca","floor":51,"turns":6},{"damage":11,"enemies":"Shield and Spear","floor":55,"turns":5},{"damage":44,"enemies":"The Heart","floor":56,"turns":8}],"seed_played":"-6315235930741903697","neow_bonus_log":{"cardsObtained":[],"cardsUpgraded":[],"cardsRemoved":[],"cardsTransformed":[],"relicsObtained":["Inserter"],"maxHpGained":0,"goldGained":0,"damageTaken":0,"goldLost":0,"maxHpLost":0},"potions_obtained":[{"floor":2,"key":"AttackPotion"},{"floor":8,"key":"EssenceOfSteel"},{"floor":10,"key":"Block Potion"},{"floor":16,"key":"GamblersBrew"},{"floor":20,"key":"Explosive Potion"},{"floor":31,"key":"FocusPotion"},{"floor":33,"key":"DuplicationPotion"},{"floor":42,"key":"LiquidBronze"}],"is_trial":false,"path_per_floor":["M","M","?","?","M","R","M","M","T","M","M","$","R","M","R","B",null,"M","?","M","$","M","R","M","M","T","R","?","E","R","M","R","B",null,"M","$","?","M","M","E","M","E","T","E","R","M","M","?","R","B","B",null,"R","$","E","B",null],"character_chosen":"DEFECT","items_purchased":["Glacier","Toolbox","Consume","Heatsinks","StrikeDummy"],"campfire_rested":1,"item_purchase_floors":[12,12,36,36,54],"current_hp_per_floor":[55,49,31,20,16,37,28,26,26,25,22,22,22,18,18,17,58,63,69,57,57,57,57,62,55,55,55,55,43,43,52,52,39,68,77,77,77,77,77,77,77,61,61,48,48,58,68,68,68,68,77,77,77,77,76,48],"gold":64,"neow_bonus":"BOSS_RELIC","is_prod":false,"is_daily":false,"rewards_skipped":[{"floor":39,"relics":[],"potions":["Dexterity Potion"]},{"floor":40,"relics":[],"potions":["AttackPotion"]},{"floor":46,"relics":[],"potions":["Fire Potion"]}],"chose_seed":false,"campfire_upgraded":8,"win_rate":0,"floor_exit_playtime":[220,352,374,406,471,502,656,757,783,906,1074,1181,1199,1286,1296,1442,1680,1795,1836,2076,2113,2256,2264,2397,2509,2531,2554,2586,2759,2772,2890,2915,3161,3235,3326,3407,3476,3543,3681,3880,3924,4127,4137,4418,4428,4522,4626,4629,4634,4921,5145,5182,5192,5228,5382,5737],"timestamp":1652305354,"blue_key_relic_skipped_log":{"floor":43,"relicID":"Mercury Hourglass"},"path_taken":["M","M","?","?","M","R","M","M","T","M","M","$","R","M","R","BOSS","M","?","M","$","?","R","M","M","T","R","?","E","R","M","R","BOSS","M","$","?","M","?","E","M","E","T","E","R","M","M","?","R","BOSS","BOSS","R","$","E","BOSS"],"build_version":"2022-03-07","purchased_purges":2,"victory":true,"max_hp_per_floor":[71,71,71,71,71,71,71,71,71,71,71,71,71,71,71,71,71,71,77,77,77,77,77,77,77,77,77,77,77,77,77,77,77,77,77,77,77,77,77,77,77,77,77,77,77,77,77,77,77,77,77,77,77,77,77,77],"relic_stats":{"Darkstone Periapt":6,"Inserter":[83],"Torii":28,"counters":[30,167],"WarpedTongs":[111],"Cables":[88,31,57,0,0],"Centennial Puzzle":[27],"Bronze Scales":[81],"Pandora\u0027s Box":["Thunder Strike","Reboot","Cold Snap","Beam Cell","Steam","Go for the Eyes","Redo"],"Art of War":[14],"obtain_stats":[{"Darkstone Periapt":3,"Inserter":0,"Torii":42,"WarpedTongs":19,"Cables":26,"Centennial Puzzle":29,"Bronze Scales":55,"Toolbox":12,"Pandora\u0027s Box":17,"Coffee Dripper":34,"Art of War":44,"Cracked Core":0,"StrikeDummy":54,"Toy Ornithopter":9,"TungstenRod":40},{"Darkstone Periapt":2,"Inserter":0,"Torii":23,"WarpedTongs":10,"Cables":14,"Centennial Puzzle":15,"Bronze Scales":29,"Toolbox":7,"Pandora\u0027s Box":9,"Coffee Dripper":17,"Art of War":24,"Cracked Core":0,"StrikeDummy":28,"Toy Ornithopter":5,"TungstenRod":21},{"Darkstone Periapt":7,"Inserter":0,"Torii":113,"WarpedTongs":42,"Cables":65,"Centennial Puzzle":70,"Bronze Scales":159,"Toolbox":26,"Pandora\u0027s Box":38,"Coffee Dripper":83,"Art of War":121,"Cracked Core":0,"StrikeDummy":154,"Toy Ornithopter":18,"TungstenRod":104}],"Toy Ornithopter":26,"TungstenRod":41},"card_choices":[{"not_picked":["Compile Driver","Go for the Eyes"],"picked":"Ball Lightning","floor":1},{"not_picked":["Stack","Streamline"],"picked":"Leap","floor":2},{"not_picked":["Go for the Eyes","Leap"],"picked":"Coolheaded","floor":5},{"not_picked":["Auto Shields","Go for the Eyes"],"picked":"Electrodynamics","floor":7},{"not_picked":["Gash","Scrape"],"picked":"Genetic Algorithm","floor":8},{"not_picked":["Hologram","Conserve Battery"],"picked":"Cold Snap","floor":10},{"not_picked":["Streamline","Reprogram"],"picked":"Barrage","floor":11},{"not_picked":["Stack","Reboot"],"picked":"Lockon","floor":14},{"not_picked":["Thunder Strike","Core Surge"],"picked":"Biased Cognition","floor":16},{"not_picked":["Beam Cell","Skim"],"picked":"Hologram","floor":18},{"not_picked":["Barrage","Self Repair"],"picked":"Static Discharge+1","floor":20},{"not_picked":["Steam+1","Redo"],"picked":"Coolheaded","floor":22},{"not_picked":["Coolheaded","Loop","Gash"],"picked":"SKIP","floor":24},{"not_picked":["Coolheaded","Loop","Gash"],"picked":"SKIP","floor":24},{"not_picked":["Rip and Tear","Sunder"],"picked":"Chill","floor":25},{"not_picked":["Barrage","Redo"],"picked":"Self Repair","floor":29},{"not_picked":["Stack+1","Tempest"],"picked":"Heatsinks","floor":31},{"not_picked":["Fission","Meteor Strike"],"picked":"Seek","floor":33},{"not_picked":["Steam","Chill"],"picked":"Turbo","floor":35},{"not_picked":["Steam Power","Leap"],"picked":"Chill","floor":38},{"not_picked":["Cold Snap","Redo+1"],"picked":"Skim","floor":39},{"not_picked":["Leap","Steam Power"],"picked":"Hologram","floor":40},{"not_picked":["Loop","Stack","Doom and Gloom"],"picked":"SKIP","floor":41},{"not_picked":["Streamline","Steam"],"picked":"Go for the Eyes","floor":42},{"not_picked":["Steam Power","Compile Driver","Hologram"],"picked":"SKIP","floor":44},{"not_picked":["Stack+1","Darkness","Reboot"],"picked":"SKIP","floor":47},{"not_picked":["Conserve Battery","Rebound","Go for the Eyes"],"picked":"SKIP","floor":55}],"player_experience":6906218,"relics_obtained":[{"floor":9,"key":"Toy Ornithopter"},{"floor":26,"key":"Cables"},{"floor":29,"key":"Centennial Puzzle"},{"floor":40,"key":"TungstenRod"},{"floor":42,"key":"Torii"},{"floor":44,"key":"Art of War"},{"floor":55,"key":"Bronze Scales"}],"event_choices":[{"damage_healed":0,"gold_gain":0,"player_choice":"Success","damage_taken":18,"relics_obtained":["Darkstone Periapt"],"max_hp_gain":0,"max_hp_loss":0,"event_name":"Scrap Ooze","floor":3,"gold_loss":0},{"damage_healed":0,"gold_gain":75,"player_choice":"Gather Gold","damage_taken":11,"max_hp_gain":0,"max_hp_loss":0,"event_name":"World of Goop","floor":4,"gold_loss":0},{"damage_healed":0,"gold_gain":0,"player_choice":"Rummage","damage_taken":0,"relics_obtained":["WarpedTongs"],"max_hp_gain":0,"max_hp_loss":0,"event_name":"Accursed Blacksmith","floor":19,"gold_loss":0,"cards_obtained":["Pain"]},{"damage_healed":0,"gold_gain":50,"player_choice":"Stole From Cult","damage_taken":0,"max_hp_gain":0,"max_hp_loss":0,"event_name":"Nest","floor":28,"gold_loss":0},{"damage_healed":0,"gold_gain":0,"player_choice":"Copied","damage_taken":0,"max_hp_gain":0,"max_hp_loss":0,"event_name":"Duplicator","floor":37,"gold_loss":0,"cards_obtained":["Biased Cognition"]},{"damage_healed":0,"gold_gain":0,"player_choice":"Ignored","damage_taken":0,"max_hp_gain":0,"max_hp_loss":0,"event_name":"Tomb of Lord Red Mask","floor":48,"gold_loss":0}],"is_beta":false,"boss_relics":[{"not_picked":["Sozu","Snecko Eye"],"picked":"Pandora\u0027s Box"},{"not_picked":["Velvet Choker","Tiny House"],"picked":"Coffee Dripper"}],"items_purged_floors":[12,21],"is_endless":false,"potions_floor_spawned":[2,8,10,16,20,31,33,39,40,42,46],"ascension_level":20,"potion_discard_per_floor":[[],[],[],[],[],[],[],[],[],[],[],[],[],[],[],[],[],[],[],[],[],[],[],[],[],[],[],[],[],[],[],[],[],[],[],[],[],[],[],[],[],[],[],[],[],[],[],[],[],[],[],[],[],[],[],[],[]]}