{"neow_bonuses_skipped_log":["TEN_PERCENT_HP_BONUS"],"neow_costs_skipped_log":["NONE"],"gold_per_floor":[119,119,134,134,8,8,43,54,54,54,71,81,81,108,108,179,179,198,198,216,228,143,143,160,187,211,211,58,72,72,102,102,177,177,193,93,113,162,174,174,202,202,202,202,232,232,247,263,263,263,263,263,263,42,72,72],"floor_reached":56,"playtime":4048,"items_purged":["Strike_B","Strike_B"],"score":1910,"play_id":"fb667b39-468b-4bbf-9f14-9a9980ffe01c","local_time":"20220525152433","falling_options_log":["Ghostly+1","Heatsinks+1"],"is_ascension_mode":true,"campfire_choices":[{"data":"Sunder","floor":6,"key":"SMITH"},{"data":"Heatsinks","floor":10,"key":"SMITH"},{"data":"Lockon","floor":15,"key":"SMITH"},{"data":"Ghostly","floor":23,"key":"SMITH"},{"data":"Amplify","floor":27,"key":"SMITH"},{"data":"Storm","floor":30,"key":"SMITH"},{"data":"Ghostly","floor":32,"key":"SMITH"},{"data":"Ghostly","floor":40,"key":"SMITH"},{"data":"Buffer","floor":44,"key":"SMITH"},{"floor":46,"key":"RECALL"},{"data":"Aggregate","floor":49,"key":"SMITH"},{"data":"Turbo","floor":53,"key":"SMITH"}],"neow_cost":"NONE","seed_source_timestamp":972477799707300,"shop_contents":[{"floor":5,"relics":["War Paint","Torii","Strange Spoon"],"cards":["Streamline","Hologram","Conserve Battery","Blind","Transmutation"],"potions":["FearPotion","BlessingOfTheForge","BlessingOfTheForge"]},{"floor":28,"relics":["Pear","Omamori","Sling"],"cards":["Compile Driver","Chaos","Reprogram","Self Repair","Enlightenment","Transmutation"],"potions":["Strength Potion","PotionOfCapacity","Regen Potion"]},{"floor":36,"relics":["Boot","Akabeko","Membership Card"],"cards":["Ball Lightning","All For One","Redo","Stack","Capacitor","Mind Blast","Chrysalis"],"potions":["Regen Potion","EssenceOfSteel","EssenceOfSteel"]},{"floor":54,"relics":["Strawberry","Mercury Hourglass","Toolbox"],"cards":["Blizzard+1","Barrage+1","Steam","Impatience","Violence"],"potions":["Strength Potion"]}],"circlet_count":0,"master_deck":["AscendersBane","Defend_B","Defend_B","Defend_B","Defend_B","Zap","Dualcast","White Noise","Self Repair","Heatsinks+1","BootSequence","Hello World","Storm+1","Lockon+1","Core Surge+1","Genetic Algorithm","Amplify+1","Turbo","Ghostly+1","Ghostly+1","Ghostly+1","Static Discharge","Turbo+1","Auto Shields+1","Doom and Gloom+1","Tempest+1","Thunder Strike","Tempest+1","Aggregate+1","Buffer+1","Conserve Battery","Stack","Storm","Go for the Eyes+1"],"potion_use_per_floor":[[],[],[],[],[],[],[],[],[],[],[],[],[],[],[],[],[],[],[],["AttackPotion"],[],[],[],[],["DuplicationPotion"],[],[],[],[],[],["SneckoOil","PowerPotion","BlessingOfTheForge","PowerPotion"],[],[],[],[],[],[],[],[],[],[],[],[],[],[],[],[],[],[],[],[],[],[],[],["Swift Potion"],["SpeedPotion","LiquidMemories","Energy Potion"]],"relics":["Cracked Core","NeowsBlessing","NlothsMask","StoneCalendar","Potion Belt","Runic Pyramid","Pocketwatch","Centennial Puzzle","Whetstone","SlaversCollar","Calipers","Molten Egg 2","Ancient Tea Set","Juzu Bracelet","HornCleat"],"potions_floor_usage":[20,25,31,31,31,31,55,56,56,56],"damage_taken":[{"damage":0,"enemies":"Small Slimes","floor":1,"turns":1},{"damage":0,"enemies":"2 Louse","floor":3,"turns":1},{"damage":0,"enemies":"3 Sentries","floor":7,"turns":2},{"damage":0,"enemies":"Cultist","floor":8,"turns":3},{"damage":1,"enemies":"2 Fungi Beasts","floor":11,"turns":4},{"damage":18,"enemies":"3 Louse","floor":12,"turns":4},{"damage":17,"enemies":"Lagavulin","floor":14,"turns":7},{"damage":33,"enemies":"The Guardian","floor":16,"turns":9},{"damage":14,"enemies":"Shell Parasite","floor":18,"turns":7},{"damage":15,"enemies":"3 Byrds","floor":20,"turns":5},{"damage":6,"enemies":"Snake Plant","floor":21,"turns":4},{"damage":9,"enemies":"Chosen and Byrds","floor":24,"turns":4},{"damage":1,"enemies":"Gremlin Leader","floor":25,"turns":6},{"damage":5,"enemies":"Snecko","floor":29,"turns":6},{"damage":19,"enemies":"Slavers","floor":31,"turns":4},{"damage":4,"enemies":"Automaton","floor":33,"turns":8},{"damage":26,"enemies":"3 Darklings","floor":35,"turns":5},{"damage":1,"enemies":"3 Shapes","floor":37,"turns":4},{"damage":2,"enemies":"2 Orb Walkers","floor":38,"turns":5},{"damage":7,"enemies":"Jaw Worm Horde","floor":39,"turns":5},{"damage":2,"enemies":"Giant Head","floor":41,"turns":8},{"damage":25,"enemies":"Nemesis","floor":45,"turns":7},{"damage":0,"enemies":"Maw","floor":47,"turns":7},{"damage":2,"enemies":"Sphere and 2 Shapes","floor":48,"turns":7},{"damage":19,"enemies":"Time Eater","floor":50,"turns":13},{"damage":8,"enemies":"Donu and Deca","floor":51,"turns":7},{"damage":18,"enemies":"Shield and Spear","floor":55,"turns":7},{"damage":24,"enemies":"The Heart","floor":56,"turns":8}],"seed_played":"3933979224851212621","neow_bonus_log":{"cardsObtained":[],"cardsUpgraded":[],"cardsRemoved":[],"cardsTransformed":[],"relicsObtained":["NeowsBlessing"],"maxHpGained":0,"goldGained":0,"damageTaken":0,"goldLost":0,"maxHpLost":0},"potions_obtained":[{"floor":3,"key":"PowerPotion"},{"floor":8,"key":"DuplicationPotion"},{"floor":16,"key":"AttackPotion"},{"floor":20,"key":"PowerPotion"},{"floor":25,"key":"BlessingOfTheForge"},{"floor":29,"key":"SneckoOil"},{"floor":39,"key":"LiquidMemories"},{"floor":47,"key":"SpeedPotion"}],"is_trial":false,"path_per_floor":["M","?","M","?","$","R","E","M","T","R","M","M","?","E","R","B",null,"M","?","M","M","?","R","M","E","T","R","$","M","R","E","R","B",null,"M","$","M","?","M","R","E","?","T","R","E","R","M","M","R","B","B",null,"R","$","E","B"],"character_chosen":"DEFECT","items_purchased":["Heatsinks","Sunder","Doom and Gloom","Stack","Storm","Swift Potion","Energy Potion"],"campfire_rested":0,"item_purchase_floors":[5,5,28,54,54,54,54],"current_hp_per_floor":[64,57,57,57,57,57,64,71,71,71,71,60,60,50,50,24,59,59,35,34,35,35,35,35,35,35,35,35,30,30,18,18,21,32,20,20,33,31,35,35,35,35,35,35,24,24,31,35,35,30,29,34,34,34,23,0],"gold":72,"neow_bonus":"THREE_ENEMY_KILL","is_prod":false,"is_daily":false,"rewards_skipped":[{"floor":12,"relics":[],"potions":["LiquidBronze"]}],"chose_seed":false,"campfire_upgraded":11,"win_rate":0,"floor_exit_playtime":[34,40,70,79,93,103,140,216,221,236,299,365,387,492,523,663,754,861,882,992,1070,1076,1086,1176,1338,1347,1356,1396,1493,1513,1759,1766,1966,2039,2122,2174,2246,2413,2504,2514,2653,2668,2673,2681,2792,2796,2919,3032,3045,3308,3447,3467,3494,3524,3710],"timestamp":1653506673,"blue_key_relic_skipped_log":{"floor":26,"relicID":"MawBank"},"path_taken":["M","?","M","?","$","R","E","M","T","R","M","?","?","E","R","BOSS","M","?","M","M","?","R","M","E","T","R","$","M","R","E","R","BOSS","M","$","M","?","M","R","E","?","T","R","E","R","M","M","R","BOSS","BOSS","R","$","E","BOSS"],"build_version":"2022-03-07","purchased_purges":2,"victory":false,"max_hp_per_floor":[71,71,71,71,71,71,71,71,71,71,71,71,71,71,71,71,71,71,35,35,35,35,35,35,35,35,35,35,35,35,35,35,35,35,35,35,35,35,35,35,35,35,35,35,35,35,35,35,35,35,35,35,35,35,35,35],"relic_stats":{"Centennial Puzzle":[41],"Calipers":[86],"counters":[28,158],"StoneCalendar":[381],"Juzu Bracelet":0,"Whetstone":["Doom and Gloom","Core Surge"],"Ancient Tea Set":[8],"obtain_stats":[{"Potion Belt":14,"Calipers":38,"NeowsBlessing":0,"StoneCalendar":7,"Juzu Bracelet":45,"Whetstone":31,"Ancient Tea Set":43,"SlaversCollar":34,"Centennial Puzzle":25,"HornCleat":55,"Molten Egg 2":41,"Cracked Core":0,"NlothsMask":4,"Runic Pyramid":17,"Pocketwatch":22},{"Potion Belt":7,"Calipers":19,"NeowsBlessing":0,"StoneCalendar":3,"Juzu Bracelet":22,"Whetstone":15,"Ancient Tea Set":21,"SlaversCollar":16,"Centennial Puzzle":13,"HornCleat":27,"Molten Egg 2":21,"Cracked Core":0,"NlothsMask":2,"Runic Pyramid":8,"Pocketwatch":11},{"Potion Belt":22,"Calipers":89,"NeowsBlessing":0,"StoneCalendar":4,"Juzu Bracelet":109,"Whetstone":67,"Ancient Tea Set":102,"SlaversCollar":75,"Centennial Puzzle":57,"HornCleat":150,"Molten Egg 2":102,"Cracked Core":0,"NlothsMask":2,"Runic Pyramid":31,"Pocketwatch":47}],"Pocketwatch":[24]},"card_choices":[{"not_picked":["Turbo","Beam Cell"],"picked":"White Noise","floor":1},{"not_picked":["Defragment","Barrage"],"picked":"Self Repair","floor":3},{"not_picked":["Coolheaded","Capacitor"],"picked":"BootSequence","floor":7},{"not_picked":["Lockon","Genetic Algorithm"],"picked":"Hello World","floor":8},{"not_picked":["Conserve Battery","Streamline"],"picked":"Storm","floor":11},{"not_picked":["Conserve Battery","Fusion"],"picked":"Lockon","floor":12},{"not_picked":["Conserve Battery","Streamline"],"picked":"Genetic Algorithm","floor":14},{"not_picked":["Core Surge","Buffer"],"picked":"Amplify","floor":16},{"not_picked":["Compile Driver","Reprogram"],"picked":"Turbo","floor":18},{"not_picked":["Sunder","Barrage"],"picked":"Static Discharge","floor":20},{"not_picked":["Ball Lightning","Steam Power"],"picked":"Turbo","floor":21},{"not_picked":["Cold Snap","Fusion","Heatsinks"],"picked":"SKIP","floor":24},{"not_picked":["Sunder","Ball Lightning"],"picked":"Auto Shields+1","floor":25},{"not_picked":["Leap+1","Redo","Fusion"],"picked":"SKIP","floor":29},{"not_picked":["Doom and Gloom","Gash"],"picked":"Tempest+1","floor":31},{"not_picked":["Hyperbeam","Creative AI"],"picked":"Thunder Strike","floor":33},{"not_picked":["Ball Lightning","FTL","Streamline"],"picked":"SKIP","floor":35},{"not_picked":["Sweeping Beam","Beam Cell+1"],"picked":"Tempest+1","floor":37},{"not_picked":["Turbo","Go for the Eyes"],"picked":"Aggregate","floor":38},{"not_picked":["Melter+1","Double Energy"],"picked":"Buffer","floor":39},{"not_picked":["Blizzard+1","Machine Learning","Streamline+1"],"picked":"SKIP","floor":41},{"not_picked":["Chaos","Rip and Tear+1","Gash+1"],"picked":"SKIP","floor":45},{"not_picked":["Coolheaded","Beam Cell+1"],"picked":"Conserve Battery","floor":47},{"not_picked":["Cold Snap+1","Turbo","Barrage+1"],"picked":"SKIP","floor":48},{"not_picked":["Machine Learning","Defragment"],"picked":"Go for the Eyes+1","floor":55}],"player_experience":7023711,"relics_obtained":[{"floor":7,"key":"StoneCalendar"},{"floor":14,"key":"Potion Belt"},{"floor":25,"key":"Centennial Puzzle"},{"floor":31,"key":"Whetstone"},{"floor":38,"key":"Calipers"},{"floor":41,"key":"Molten Egg 2"},{"floor":43,"key":"Ancient Tea Set"},{"floor":45,"key":"Juzu Bracelet"},{"floor":55,"key":"HornCleat"}],"event_choices":[{"cards_removed":["Strike_B"],"damage_healed":0,"gold_gain":0,"player_choice":"Card Removal","damage_taken":7,"max_hp_gain":0,"max_hp_loss":0,"event_name":"Golden Wing","floor":2,"gold_loss":0},{"damage_healed":0,"gold_gain":0,"player_choice":"Trade","damage_taken":0,"relics_obtained":["NlothsMask"],"max_hp_gain":0,"max_hp_loss":0,"event_name":"FaceTrader","floor":4,"gold_loss":0},{"damage_healed":0,"gold_gain":0,"cards_transformed":["Strike_B"],"player_choice":"Change","damage_taken":0,"max_hp_gain":0,"max_hp_loss":0,"event_name":"Living Wall","floor":13,"gold_loss":0,"cards_obtained":["Core Surge"]},{"damage_healed":0,"gold_gain":0,"player_choice":"Became a Ghost","damage_taken":0,"max_hp_gain":0,"max_hp_loss":36,"event_name":"Ghosts","floor":19,"gold_loss":0,"cards_obtained":["Ghostly","Ghostly","Ghostly"]},{"damage_healed":0,"gold_gain":0,"player_choice":"Obtained Relic","damage_taken":0,"relics_obtained":["Pocketwatch"],"max_hp_gain":0,"max_hp_loss":0,"event_name":"Addict","floor":22,"gold_loss":85},{"damage_healed":0,"gold_gain":0,"player_choice":"Fight","damage_taken":0,"max_hp_gain":0,"max_hp_loss":0,"event_name":"Mysterious Sphere","floor":38,"gold_loss":0},{"cards_removed":["Sunder"],"damage_healed":0,"gold_gain":0,"player_choice":"Removed Attack","damage_taken":0,"max_hp_gain":0,"max_hp_loss":0,"event_name":"Falling","floor":42,"gold_loss":0}],"is_beta":false,"boss_relics":[{"not_picked":["Velvet Choker","Ectoplasm"],"picked":"Runic Pyramid"},{"not_picked":["SacredBark","Pandora\u0027s Box"],"picked":"SlaversCollar"}],"items_purged_floors":[28,36],"is_endless":false,"potions_floor_spawned":[3,8,12,16,20,25,29,39,47],"killed_by":"The Heart","ascension_level":20,"potion_discard_per_floor":[[],[],[],[],[],[],[],[],[],[],[],[],[],[],[],[],[],[],[],[],[],[],[],[],[],[],[],[],[],[],[],[],[],[],[],[],[],[],[],[],[],[],[],[],[],[],[],[],[],[],[],[],[],[],[],[]]}