{"neow_bonuses_skipped_log":["RANDOM_COLORLESS","HUNDRED_GOLD","BOSS_RELIC"],"neow_costs_skipped_log":["NONE","NONE","NONE"],"gold_per_floor":[361,379,396,406,114,114,132,160,236,269,179,206,226,226],"floor_reached":14,"playtime":1011,"items_purged":["Strike_B"],"score":224,"play_id":"cd28bc35-bed1-4d46-8c13-6b8f02ff7b59","local_time":"20220525141654","is_ascension_mode":true,"campfire_choices":[{"data":"Sunder","floor":6,"key":"SMITH"}],"neow_cost":"TEN_PERCENT_HP_LOSS","seed_source_timestamp":971457615866600,"shop_contents":[{"floor":5,"relics":["Calipers","MealTicket","TheAbacus"],"cards":["Ball Lightning","Gash","Chaos","Mayhem"],"potions":["LiquidBronze","LiquidMemories","Energy Potion"]}],"circlet_count":0,"master_deck":["AscendersBane","Strike_B","Strike_B","Strike_B","Defend_B","Defend_B","Defend_B","Defend_B","Zap","Dualcast","Ball Lightning","Sweeping Beam","Sunder+1","Leap","Loop","Glacier","Dark Shackles","Hologram","Ball Lightning"],"potion_use_per_floor":[[],[],[],[],[],[],[],["Weak Potion"],[],[],[],["Strength Potion"],[],[]],"relics":["Cracked Core","Regal Pillow","Matryoshka","FossilizedHelix","Bag of Preparation","Bird Faced Urn"],"potions_floor_usage":[8,12],"damage_taken":[{"damage":1,"enemies":"Cultist","floor":1,"turns":4},{"damage":0,"enemies":"Small Slimes","floor":2,"turns":3},{"damage":7,"enemies":"2 Louse","floor":3,"turns":2},{"damage":6,"enemies":"Lots of Slimes","floor":4,"turns":3},{"damage":8,"enemies":"Blue Slaver","floor":7,"turns":3},{"damage":7,"enemies":"3 Sentries","floor":8,"turns":9},{"damage":16,"enemies":"Lagavulin","floor":10,"turns":11},{"damage":11,"enemies":"Gremlin Nob","floor":12,"turns":4},{"damage":0,"enemies":"Exordium Thugs","floor":13,"turns":4},{"damage":10,"enemies":"3 Sentries","floor":14,"turns":2}],"seed_played":"-6264937244212736652","neow_bonus_log":{"cardsObtained":[],"cardsUpgraded":[],"cardsRemoved":[],"cardsTransformed":[],"relicsObtained":[],"maxHpGained":0,"goldGained":250,"damageTaken":0,"goldLost":0,"maxHpLost":7},"potions_obtained":[{"floor":2,"key":"Strength Potion"},{"floor":3,"key":"SmokeBomb"},{"floor":4,"key":"Weak Potion"}],"is_trial":false,"path_per_floor":["M","M","M","M","$","R","M","E","T","E","?","E","M","E"],"character_chosen":"DEFECT","items_purchased":["Loop","Glacier","Dark Shackles"],"campfire_rested":0,"item_purchase_floors":[5,5,5],"current_hp_per_floor":[63,63,56,50,50,50,42,35,35,19,19,8,10,0],"gold":226,"neow_bonus":"TWO_FIFTY_GOLD","is_prod":false,"is_daily":false,"rewards_skipped":[{"floor":7,"relics":[],"potions":["Swift Potion"]}],"chose_seed":false,"campfire_upgraded":1,"win_rate":0,"floor_exit_playtime":[49,95,134,207,287,294,362,531,542,731,742,818,956],"timestamp":1653502614,"path_taken":["M","M","M","M","$","R","?","E","T","E","?","E","M","E"],"build_version":"2022-03-07","purchased_purges":1,"victory":false,"max_hp_per_floor":[64,64,64,64,64,64,64,64,64,64,64,64,64,64],"relic_stats":{"Regal Pillow":0,"Matryoshka":0,"counters":[10,45],"Bird Faced Urn":[2],"Bag of Preparation":[6],"obtain_stats":[{"Regal Pillow":8,"Matryoshka":9,"Bird Faced Urn":12,"Bag of Preparation":11,"Cracked Core":0,"FossilizedHelix":10},{"Regal Pillow":6,"Matryoshka":6,"Bird Faced Urn":8,"Bag of Preparation":7,"Cracked Core":0,"FossilizedHelix":7},{"Regal Pillow":24,"Matryoshka":24,"Bird Faced Urn":39,"Bag of Preparation":35,"Cracked Core":0,"FossilizedHelix":35}],"FossilizedHelix":[14]},"card_choices":[{"not_picked":["Chaos","Coolheaded"],"picked":"Ball Lightning","floor":1},{"not_picked":["Reprogram","BootSequence"],"picked":"Sweeping Beam","floor":2},{"not_picked":["Leap","Consume"],"picked":"Sunder","floor":3},{"not_picked":["Ball Lightning","Steam Power"],"picked":"Leap","floor":4},{"not_picked":["Stack","White Noise","Redo"],"picked":"SKIP","floor":7},{"not_picked":["Blizzard","Skim"],"picked":"Hologram","floor":8},{"not_picked":["Leap","Skim","Thunder Strike"],"picked":"SKIP","floor":10},{"not_picked":["Gash","Sweeping Beam","Reprogram"],"picked":"SKIP","floor":12},{"not_picked":["Rebound","Hologram"],"picked":"Ball Lightning","floor":13}],"player_experience":7022700,"relics_obtained":[{"floor":8,"key":"Regal Pillow"},{"floor":9,"key":"Matryoshka"},{"floor":10,"key":"FossilizedHelix"},{"floor":12,"key":"Bird Faced Urn"}],"event_choices":[{"damage_healed":0,"gold_gain":0,"player_choice":"Paid Gold","damage_taken":0,"relics_obtained":["Bag of Preparation"],"max_hp_gain":0,"max_hp_loss":0,"event_name":"WeMeetAgain","floor":11,"gold_loss":90}],"is_beta":false,"boss_relics":[],"items_purged_floors":[5],"is_endless":false,"potions_floor_spawned":[2,3,4,7],"killed_by":"3 Sentries","ascension_level":20,"potion_discard_per_floor":[[],[],[],["SmokeBomb"],[],[],[],[],[],[],[],[],[],[]]}