{"gold_per_floor":[115,134,4,18,18,46,46,77,77,77,93,93,121,101,101,177,177,196,207,223,235,255,255,255,289,368,385,99,119,119,133,133,211,211,230,278,289,307,319,149,175,190,190,190,190,220,145,165,165,165,165,165,165,11,39,39],"floor_reached":57,"playtime":5085,"items_purged":["Strike_B","Strike_B","Strike_B","Pain","Strike_B"],"score":3237,"play_id":"eb020847-b4e8-46ee-8498-4fa334d54a40","local_time":"20220520154643","is_ascension_mode":true,"campfire_choices":[{"data":"Beam Cell","floor":7,"key":"SMITH"},{"data":"Coolheaded","floor":10,"key":"SMITH"},{"data":"Go for the Eyes","floor":15,"key":"SMITH"},{"floor":23,"key":"REST"},{"floor":30,"key":"REST"},{"data":"Hologram","floor":32,"key":"SMITH"},{"floor":45,"key":"DIG"},{"floor":49,"key":"RECALL"},{"floor":53,"key":"DIG"}],"neow_cost":"TEN_PERCENT_HP_LOSS","seed_source_timestamp":540753888137400,"shop_contents":[{"floor":3,"relics":["Pen Nib","MealTicket","Strange Spoon"],"cards":["Gash","Go for the Eyes","Redo","Turbo","Storm","Finesse","Apotheosis"],"potions":["PotionOfCapacity","SkillPotion"]},{"floor":28,"relics":["Ginger","Letter Opener"],"cards":["Compile Driver","Ball Lightning","Redo","Swift Strike","Transmutation"],"potions":["Regen Potion","GamblersBrew","EssenceOfSteel"]},{"floor":40,"relics":["Ancient Tea Set","Sling"],"cards":["Melter","Rebound","Amplify","Machine Learning+1","Forethought","The Bomb"],"potions":["Fire Potion","DistilledChaos","Strength Potion"]},{"floor":47,"relics":["Toxic Egg 2","Juzu Bracelet","Lee\u0027s Waffle"],"cards":["Cold Snap","Gash","Hologram","Turbo","Static Discharge+1","Panacea","Transmutation"],"potions":["LiquidBronze","SkillPotion","SkillPotion"]},{"floor":54,"relics":["Mango","Kunai","Toolbox"],"cards":["Beam Cell","FTL","Redo","Trip","Secret Technique"],"potions":["Energy Potion","Dexterity Potion","DistilledChaos"]}],"circlet_count":0,"master_deck":["AscendersBane","Defend_B","Defend_B","Defend_B","Defend_B","Zap+1","Dualcast","Compile Driver","Compile Driver","Coolheaded+1","Beam Cell+1","Go for the Eyes+1","Defragment+1","Defragment+1","Buffer+1","Conserve Battery+1","Hologram+1","Defragment+1","Tempest","Electrodynamics+1","Steam+1","Self Repair+1","Loop+1","Coolheaded","White Noise","Coolheaded","Machine Learning+1","Leap+1","Defragment+1","Go for the Eyes","Coolheaded+1","Reinforced Body","Hologram+1","Chill","Darkness","Loop+1","Glacier","White Noise"],"potion_use_per_floor":[[],[],[],[],[],["FocusPotion"],[],["BlessingOfTheForge"],[],[],[],[],[],[],[],["CultistPotion"],[],[],[],["DistilledChaos"],[],[],[],[],["Weak Potion"],[],[],[],[],[],[],[],[],[],[],["LiquidMemories","EntropicBrew","GamblersBrew"],["Fire Potion"],[],[],[],["BlessingOfTheForge"],[],[],[],[],[],[],[],[],[],[],[],[],[],[],["Weak Potion","LiquidMemories"],[]],"relics":["Cracked Core","FossilizedHelix","Sundial","Pantograph","Frozen Egg 2","Regal Pillow","Philosopher\u0027s Stone","Orichalcum","Mummified Hand","Membership Card","SlaversCollar","Shovel","Centennial Puzzle","HornCleat","WarpedTongs","Art of War","PreservedInsect","Ornamental Fan","Anchor"],"potions_floor_usage":[6,8,16,20,25,36,36,36,37,41,56,56],"damage_taken":[{"damage":0,"enemies":"Small Slimes","floor":1,"turns":3},{"damage":0,"enemies":"Cultist","floor":2,"turns":4},{"damage":0,"enemies":"2 Louse","floor":4,"turns":2},{"damage":12,"enemies":"3 Sentries","floor":6,"turns":6},{"damage":8,"enemies":"Lagavulin","floor":8,"turns":6},{"damage":0,"enemies":"2 Fungi Beasts","floor":11,"turns":3},{"damage":0,"enemies":"Gremlin Nob","floor":13,"turns":3},{"damage":24,"enemies":"Hexaghost","floor":16,"turns":7},{"damage":40,"enemies":"3 Byrds","floor":18,"turns":5},{"damage":0,"enemies":"Spheric Guardian","floor":19,"turns":4},{"damage":0,"enemies":"Chosen and Byrds","floor":20,"turns":5},{"damage":0,"enemies":"Snecko","floor":21,"turns":6},{"damage":12,"enemies":"Snake Plant","floor":22,"turns":4},{"damage":31,"enemies":"Slavers","floor":25,"turns":4},{"damage":0,"enemies":"Sentry and Sphere","floor":27,"turns":3},{"damage":0,"enemies":"Cultist and Chosen","floor":29,"turns":5},{"damage":15,"enemies":"Shelled Parasite and Fungi","floor":31,"turns":4},{"damage":0,"enemies":"Champ","floor":33,"turns":9},{"damage":0,"enemies":"3 Darklings","floor":35,"turns":3},{"damage":0,"enemies":"2 Orb Walkers","floor":36,"turns":3},{"damage":0,"enemies":"3 Shapes","floor":37,"turns":3},{"damage":0,"enemies":"Maw","floor":38,"turns":5},{"damage":3,"enemies":"3 Darklings","floor":39,"turns":4},{"damage":36,"enemies":"Reptomancer","floor":41,"turns":6},{"damage":0,"enemies":"Sphere and 2 Shapes","floor":42,"turns":4},{"damage":4,"enemies":"Nemesis","floor":46,"turns":7},{"damage":0,"enemies":"Transient","floor":48,"turns":6},{"damage":0,"enemies":"Awakened One","floor":50,"turns":15},{"damage":0,"enemies":"Donu and Deca","floor":51,"turns":7},{"damage":21,"enemies":"Shield and Spear","floor":55,"turns":6},{"damage":20,"enemies":"The Heart","floor":56,"turns":11}],"seed_played":"-4354341168742470960","neow_bonus_log":{"cardsObtained":[],"cardsUpgraded":[],"cardsRemoved":[],"cardsTransformed":[],"relicsObtained":["FossilizedHelix"],"maxHpGained":0,"goldGained":0,"damageTaken":0,"goldLost":0,"maxHpLost":7},"potions_obtained":[{"floor":4,"key":"BlessingOfTheForge"},{"floor":6,"key":"Ancient Potion"},{"floor":11,"key":"CultistPotion"},{"floor":14,"key":"FearPotion"},{"floor":18,"key":"DistilledChaos"},{"floor":20,"key":"Weak Potion"},{"floor":22,"key":"LiquidMemories"},{"floor":25,"key":"DistilledChaos"},{"floor":33,"key":"EntropicBrew"},{"floor":36,"key":"BlessingOfTheForge"},{"floor":41,"key":"Weak Potion"},{"floor":46,"key":"Fire Potion"},{"floor":48,"key":"LiquidMemories"}],"is_trial":false,"path_per_floor":["M","M","$","M","?","E","R","E","T","R","M","?","E","?","R","B",null,"M","M","M","M","M","R","?","E","T","M","$","M","R","M","R","B",null,"M","?","M","M","M","$","E","M","T","?","R","E","$","M","R","B","B",null,"R","$","E","B",null],"character_chosen":"DEFECT","items_purchased":["FocusPotion","Membership Card","Loop+1","Coolheaded","Reinforced Body","Centennial Puzzle","Loop+1","Glacier"],"campfire_rested":2,"item_purchase_floors":[3,28,28,28,40,40,54,54],"current_hp_per_floor":[64,64,64,64,64,52,52,44,44,44,44,44,44,44,44,40,58,18,18,18,18,6,40,40,9,9,9,9,19,53,48,48,64,64,64,64,64,64,64,64,38,48,48,48,48,54,54,64,64,64,64,64,64,64,53,54],"gold":39,"neow_bonus":"ONE_RARE_RELIC","is_prod":false,"is_daily":false,"rewards_skipped":[{"floor":35,"relics":[],"potions":["Weak Potion"]},{"floor":55,"relics":[],"potions":["EssenceOfSteel"]}],"chose_seed":false,"campfire_upgraded":4,"win_rate":0,"floor_exit_playtime":[150,219,300,345,355,484,504,647,657,675,715,741,848,856,862,1110,1223,1339,1396,1542,1655,1773,1809,1831,1968,1980,2051,2105,2174,2186,2260,2306,2620,2682,2788,2890,2935,3021,3091,3188,3352,3429,3438,3473,3480,3622,3733,3860,3883,4209,4379,4400,4412,4469,4662,5085],"timestamp":1653076003,"blue_key_relic_skipped_log":{"floor":43,"relicID":"The Courier"},"path_taken":["M","M","$","M","?","E","R","E","T","R","?","?","E","?","R","BOSS","M","M","?","M","M","R","?","E","T","M","$","M","R","M","R","BOSS","M","?","M","M","M","$","E","M","T","?","R","E","$","M","R","BOSS","BOSS","R","$","E","BOSS"],"build_version":"2022-03-07","purchased_purges":5,"victory":true,"max_hp_per_floor":[64,64,64,64,64,64,64,64,64,64,64,64,64,64,64,64,64,64,64,64,64,64,64,64,64,64,64,64,64,64,64,64,64,64,64,64,64,64,64,64,64,64,64,64,64,64,64,64,64,64,64,64,64,64,64,64],"relic_stats":{"Regal Pillow":30,"counters":[31,162],"PreservedInsect":77,"Orichalcum":[78],"WarpedTongs":[47],"Centennial Puzzle":[12],"Shovel":2,"Sundial":[24],"Mummified Hand":[150],"Ornamental Fan":[8],"Pantograph":47,"Art of War":[10],"Membership Card":508,"obtain_stats":[{"Regal Pillow":13,"PreservedInsect":46,"Frozen Egg 2":9,"Orichalcum":25,"WarpedTongs":44,"SlaversCollar":34,"Centennial Puzzle":40,"Anchor":55,"Shovel":36,"HornCleat":41,"Sundial":6,"Mummified Hand":26,"Ornamental Fan":53,"Pantograph":8,"Philosopher\u0027s Stone":17,"Art of War":45,"Membership Card":28,"Cracked Core":0,"FossilizedHelix":0},{"Regal Pillow":7,"PreservedInsect":26,"Frozen Egg 2":5,"Orichalcum":14,"WarpedTongs":25,"SlaversCollar":18,"Centennial Puzzle":23,"Anchor":30,"Shovel":20,"HornCleat":24,"Sundial":4,"Mummified Hand":14,"Ornamental Fan":29,"Pantograph":5,"Philosopher\u0027s Stone":8,"Art of War":25,"Membership Card":15,"Cracked Core":0,"FossilizedHelix":0},{"Regal Pillow":27,"PreservedInsect":118,"Frozen Egg 2":21,"Orichalcum":62,"WarpedTongs":111,"SlaversCollar":83,"Centennial Puzzle":101,"Anchor":151,"Shovel":89,"HornCleat":107,"Sundial":15,"Mummified Hand":62,"Ornamental Fan":146,"Pantograph":21,"Philosopher\u0027s Stone":34,"Art of War":111,"Membership Card":65,"Cracked Core":0,"FossilizedHelix":0}],"FossilizedHelix":[231]},"card_choices":[{"not_picked":["Barrage","Gash"],"picked":"Compile Driver","floor":1},{"not_picked":["Loop","Heatsinks"],"picked":"Compile Driver","floor":2},{"not_picked":["Loop","Aggregate"],"picked":"Coolheaded","floor":4},{"not_picked":["Lockon","Redo"],"picked":"Beam Cell","floor":6},{"not_picked":["Hologram","Beam Cell"],"picked":"Go for the Eyes","floor":8},{"not_picked":["Conserve Battery","Fission"],"picked":"Defragment+1","floor":11},{"not_picked":["Barrage","Ball Lightning"],"picked":"Defragment+1","floor":13},{"not_picked":["Echo Form+1","Meteor Strike"],"picked":"Buffer+1","floor":16},{"not_picked":["Ball Lightning","Steam"],"picked":"Conserve Battery+1","floor":18},{"not_picked":["Steam","Beam Cell"],"picked":"Hologram","floor":19},{"not_picked":["Hello World+1","Barrage+1"],"picked":"Defragment+1","floor":20},{"not_picked":["Sweeping Beam","Stack"],"picked":"Tempest","floor":21},{"not_picked":["BootSequence+1","Chill"],"picked":"Electrodynamics+1","floor":22},{"not_picked":["Redo","Tempest"],"picked":"Steam+1","floor":25},{"not_picked":["Genetic Algorithm","Capacitor+1"],"picked":"Self Repair+1","floor":27},{"not_picked":["Beam Cell+1","Ball Lightning"],"picked":"White Noise","floor":29},{"not_picked":["Compile Driver","White Noise"],"picked":"Coolheaded","floor":31},{"not_picked":["Creative AI+1","Buffer+1"],"picked":"Machine Learning+1","floor":33},{"not_picked":["Stack","Go for the Eyes"],"picked":"Leap+1","floor":35},{"not_picked":["Compile Driver","Cold Snap+1"],"picked":"Defragment+1","floor":36},{"not_picked":["Turbo","Rebound","White Noise"],"picked":"SKIP","floor":37},{"not_picked":["Tempest","Streamline+1"],"picked":"Go for the Eyes","floor":38},{"not_picked":["Beam Cell","Hologram"],"picked":"Coolheaded+1","floor":39},{"not_picked":["Barrage+1","Core Surge"],"picked":"Hologram+1","floor":41},{"not_picked":["Streamline","Conserve Battery+1","Compile Driver"],"picked":"SKIP","floor":42},{"not_picked":["Blizzard","Reinforced Body"],"picked":"Chill","floor":46},{"not_picked":["Reprogram","Redo"],"picked":"Darkness","floor":48},{"not_picked":["Scrape","Fusion+1"],"picked":"White Noise","floor":55}],"player_experience":6994063,"relics_obtained":[{"floor":6,"key":"Sundial"},{"floor":8,"key":"Pantograph"},{"floor":9,"key":"Frozen Egg 2"},{"floor":13,"key":"Regal Pillow"},{"floor":25,"key":"Orichalcum"},{"floor":26,"key":"Mummified Hand"},{"floor":36,"key":"Shovel"},{"floor":41,"key":"HornCleat"},{"floor":45,"key":"Art of War"},{"floor":46,"key":"PreservedInsect"},{"floor":53,"key":"Ornamental Fan"},{"floor":55,"key":"Anchor"}],"event_choices":[{"damage_healed":0,"gold_gain":0,"player_choice":"Upgraded","damage_taken":0,"max_hp_gain":0,"max_hp_loss":0,"event_name":"Upgrade Shrine","floor":5,"gold_loss":0,"cards_upgraded":["Zap"]},{"damage_healed":0,"gold_gain":0,"player_choice":"Ignored","damage_taken":0,"max_hp_gain":0,"max_hp_loss":0,"event_name":"Liars Game","floor":12,"gold_loss":0},{"damage_healed":0,"gold_gain":0,"player_choice":"Bought 1 Potion","damage_taken":0,"max_hp_gain":0,"max_hp_loss":0,"event_name":"The Woman in Blue","floor":14,"gold_loss":0},{"damage_healed":0,"gold_gain":0,"player_choice":"Ignored","damage_taken":0,"max_hp_gain":0,"max_hp_loss":0,"event_name":"Ghosts","floor":24,"gold_loss":0},{"damage_healed":0,"gold_gain":0,"player_choice":"Fight","damage_taken":0,"max_hp_gain":0,"max_hp_loss":0,"event_name":"Mysterious Sphere","floor":36,"gold_loss":0},{"damage_healed":0,"gold_gain":0,"player_choice":"Rummage","damage_taken":0,"relics_obtained":["WarpedTongs"],"max_hp_gain":0,"max_hp_loss":0,"event_name":"Accursed Blacksmith","floor":44,"gold_loss":0,"cards_obtained":["Pain"]}],"is_beta":false,"boss_relics":[{"not_picked":["Black Star","Busted Crown"],"picked":"Philosopher\u0027s Stone"},{"not_picked":["Fusion Hammer","Sozu"],"picked":"SlaversCollar"}],"items_purged_floors":[3,28,40,47,54],"is_endless":false,"potions_floor_spawned":[4,6,11,18,20,22,25,33,35,36,41,46,48,55],"ascension_level":20,"potion_discard_per_floor":[[],[],[],[],[],[],[],[],[],[],[],[],[],["Ancient Potion"],[],[],[],[],[],[],[],["FearPotion"],[],[],[],[],[],[],[],[],[],[],["DistilledChaos"],[],[],[],[],[],[],[],[],[],[],[],[],[],[],["Fire Potion"],[],[],[],[],[],[],[],[],[]]}