{"neow_bonuses_skipped_log":["THREE_SMALL_POTIONS","REMOVE_TWO","BOSS_RELIC"],"neow_costs_skipped_log":["NONE","PERCENT_DAMAGE","NONE"],"gold_per_floor":[118,193,193,209,219,219,13,13,65,100,100,100,110,136,136,213,213,230,230,230,155,168,168,193,193,246,246,25,25,38,68,68,147,147,162,162,162,179,234,262,262,273,347,367,367,395,410,438,438,438,438,438,438,14,46,46],"floor_reached":57,"playtime":6604,"items_purged":["Defend_B"],"score":3018,"play_id":"67c13188-2ed6-43cd-a012-0c2a321e41c2","local_time":"20220611151507","falling_options_log":["Sweeping Beam+1","Buffer"],"is_ascension_mode":true,"campfire_choices":[{"data":"Sweeping Beam","floor":6,"key":"SMITH"},{"floor":8,"key":"REST"},{"data":"Streamline","floor":11,"key":"SMITH"},{"data":"Fission","floor":15,"key":"SMITH"},{"data":"Chaos","floor":23,"key":"SMITH"},{"data":"Recycle","floor":25,"key":"SMITH"},{"data":"Hologram","floor":27,"key":"SMITH"},{"data":"Fission","floor":29,"key":"SMITH"},{"data":"Steam Power","floor":32,"key":"SMITH"},{"floor":41,"key":"RECALL"},{"data":"Buffer","floor":45,"key":"SMITH"},{"data":"Hologram","floor":49,"key":"SMITH"},{"data":"Scrape","floor":53,"key":"SMITH"}],"neow_cost":"NONE","seed_source_timestamp":2438126619215200,"shop_contents":[{"floor":7,"relics":["Omamori","Emotion Chip","TheAbacus"],"cards":["Thunder Strike","Hologram","Static Discharge","Dramatic Entrance","Secret Weapon"],"potions":["EssenceOfSteel","Block Potion"]},{"floor":28,"relics":["Mango","Sling"],"cards":["Streamline","Leap","Redo","Capacitor","Madness","Thinking Ahead"],"potions":["Energy Potion","EssenceOfSteel","PotionOfCapacity"]},{"floor":54,"relics":["DataDisk"],"cards":["Sunder","Beam Cell","Reinforced Body","Aggregate","Static Discharge","Dramatic Entrance","Thinking Ahead"],"potions":["Ancient Potion","Weak Potion"]}],"circlet_count":0,"master_deck":["AscendersBane","Defend_B","Dualcast","Fission+1","Hologram+1","Steam Power+1","Chaos+1","Sweeping Beam+1","Streamline+1","Leap","Hologram+1","Electrodynamics","Fission+1","Self Repair","Doom and Gloom","Go for the Eyes","Chill","Recycle+1","Compile Driver","Defragment+1","Machine Learning","Buffer+1","Redo+1","Force Field+1","Scrape+1","Capacitor"],"potion_use_per_floor":[[],[],[],[],[],[],[],[],[],["SteroidPotion"],[],[],[],[],[],["FearPotion"],[],["Block Potion"],[],[],[],[],[],[],[],[],[],[],[],[],["Weak Potion"],[],[],[],[],[],[],[],[],[],[],[],[],[],[],[],[],[],[],["DuplicationPotion"],[],[],[],[],["Block Potion"],["PowerPotion","Ancient Potion","Fire Potion"],[]],"relics":["Cracked Core","Bag of Preparation","Nunchaku","Symbiotic Virus","Strawberry","Empty Cage","Ornamental Fan","Happy Flower","Centennial Puzzle","Lantern","Black Star","Calipers","Gremlin Horn","FossilizedHelix","Boot","Potion Belt","Lizard Tail","HornCleat","Medical Kit","Toy Ornithopter","Art of War","Mummified Hand"],"potions_floor_usage":[10,16,18,31,50,55,56,56,56],"damage_taken":[{"damage":16,"enemies":"Small Slimes","floor":1,"turns":4},{"damage":12,"enemies":"Jaw Worm","floor":4,"turns":3},{"damage":6,"enemies":"Cultist","floor":5,"turns":4},{"damage":11,"enemies":"3 Sentries","floor":10,"turns":6},{"damage":14,"enemies":"Exordium Thugs","floor":13,"turns":3},{"damage":6,"enemies":"Lagavulin","floor":14,"turns":7},{"damage":0,"enemies":"Slime Boss","floor":16,"turns":5},{"damage":14,"enemies":"Shell Parasite","floor":18,"turns":4},{"damage":0,"enemies":"Spheric Guardian","floor":22,"turns":3},{"damage":16,"enemies":"Slavers","floor":24,"turns":7},{"damage":0,"enemies":"Snake Plant","floor":30,"turns":2},{"damage":14,"enemies":"Gremlin Leader","floor":31,"turns":3},{"damage":6,"enemies":"Automaton","floor":33,"turns":5},{"damage":0,"enemies":"3 Darklings","floor":35,"turns":5},{"damage":0,"enemies":"Orb Walker","floor":38,"turns":2},{"damage":1,"enemies":"2 Orb Walkers","floor":39,"turns":3},{"damage":2,"enemies":"Giant Head","floor":40,"turns":4},{"damage":0,"enemies":"Spire Growth","floor":42,"turns":3},{"damage":0,"enemies":"4 Shapes","floor":44,"turns":3},{"damage":0,"enemies":"Reptomancer","floor":46,"turns":3},{"damage":0,"enemies":"Maw","floor":47,"turns":6},{"damage":0,"enemies":"Nemesis","floor":48,"turns":7},{"damage":33,"enemies":"Time Eater","floor":50,"turns":19},{"damage":0,"enemies":"Awakened One","floor":51,"turns":14},{"damage":44,"enemies":"Shield and Spear","floor":55,"turns":8},{"damage":22,"enemies":"The Heart","floor":56,"turns":7}],"seed_played":"-8702775472655916240","neow_bonus_log":{"cardsObtained":["Fission"],"cardsUpgraded":[],"cardsRemoved":[],"cardsTransformed":[],"relicsObtained":[],"maxHpGained":0,"goldGained":0,"damageTaken":0,"goldLost":0,"maxHpLost":0},"potions_obtained":[{"floor":4,"key":"Dexterity Potion"},{"floor":5,"key":"SteroidPotion"},{"floor":16,"key":"Block Potion"},{"floor":24,"key":"Weak Potion"},{"floor":31,"key":"LiquidBronze"},{"floor":33,"key":"Block Potion"},{"floor":44,"key":"PowerPotion"},{"floor":46,"key":"SmokeBomb"},{"floor":47,"key":"DuplicationPotion"},{"floor":48,"key":"Fire Potion"},{"floor":55,"key":"SneckoOil"}],"is_trial":false,"path_per_floor":["M","?","?","M","M","R","$","R","T","E","R","T","M","E","R","B",null,"M","?","?","?","M","R","E","R","T","R","$","R","M","E","R","B",null,"M","?","?","M","?","E","R","M","T","M","R","E","M","E","R","B","B",null,"R","$","E","B",null],"character_chosen":"DEFECT","items_purchased":["FearPotion","Streamline","Leap","Compile Driver","Centennial Puzzle","Medical Kit","Ancient Potion","Toy Ornithopter"],"campfire_rested":1,"item_purchase_floors":[7,7,7,28,28,54,54,54],"current_hp_per_floor":[48,37,37,25,19,19,19,40,40,29,29,29,15,16,16,16,63,49,49,49,49,56,56,47,47,47,47,47,47,54,47,47,48,71,78,78,78,78,78,78,78,78,78,78,78,78,78,78,78,52,52,72,72,72,40,40],"gold":46,"neow_bonus":"ONE_RANDOM_RARE_CARD","is_prod":false,"is_daily":false,"rewards_skipped":[{"floor":35,"relics":[],"potions":["Dexterity Potion"]},{"floor":42,"relics":[],"potions":["SkillPotion"]}],"chose_seed":false,"campfire_upgraded":11,"win_rate":0,"floor_exit_playtime":[212,247,267,338,462,489,620,624,630,776,786,800,888,1073,1125,1295,1510,1676,1704,1716,1747,1836,1876,2146,2158,2167,2186,2269,2286,2343,2457,2469,2792,2910,3044,3053,3063,3141,3352,3601,3605,3716,3722,3830,3841,3966,4172,4348,4355,4996,5450,5463,5485,5547,5927,6604],"timestamp":1654974907,"blue_key_relic_skipped_log":{"floor":43,"relicID":"Shuriken"},"path_taken":["M","?","?","?","M","R","$","R","T","E","R","?","M","E","R","BOSS","M","?","?","?","M","R","E","R","T","R","$","R","M","E","R","BOSS","M","?","?","?","?","E","R","M","T","M","R","E","M","E","R","BOSS","BOSS","R","$","E","BOSS"],"build_version":"2022-03-07","purchased_purges":1,"victory":true,"max_hp_per_floor":[71,71,71,71,71,71,71,71,71,71,71,71,71,78,78,78,78,78,78,78,78,78,78,78,78,78,78,78,78,78,78,78,78,78,78,78,78,78,78,78,78,78,78,78,78,78,78,78,78,78,78,78,78,78,78,78],"relic_stats":{"Calipers":[1826],"Happy Flower":[31],"Gremlin Horn":[10,10],"counters":[26,140],"Bag of Preparation":[46],"Boot":[76],"Medical Kit":[29],"Nunchaku":[36],"Centennial Puzzle":[21],"Lizard Tail":0,"Ornamental Fan":[308],"Mummified Hand":[11],"Black Star":4,"Art of War":[1],"obtain_stats":[{"Potion Belt":46,"Lantern":31,"Calipers":39,"Happy Flower":26,"Gremlin Horn":40,"Bag of Preparation":9,"Empty Cage":17,"Boot":46,"Medical Kit":54,"Nunchaku":10,"Centennial Puzzle":28,"Lizard Tail":48,"HornCleat":48,"Ornamental Fan":24,"Mummified Hand":55,"Strawberry":14,"Black Star":34,"Art of War":55,"Cracked Core":0,"Symbiotic Virus":12,"FossilizedHelix":40,"Toy Ornithopter":54},{"Potion Belt":20,"Lantern":12,"Calipers":16,"Happy Flower":10,"Gremlin Horn":17,"Bag of Preparation":3,"Empty Cage":7,"Boot":20,"Medical Kit":24,"Nunchaku":4,"Centennial Puzzle":10,"Lizard Tail":22,"HornCleat":22,"Ornamental Fan":10,"Mummified Hand":25,"Strawberry":6,"Black Star":13,"Art of War":25,"Cracked Core":0,"Symbiotic Virus":4,"FossilizedHelix":17,"Toy Ornithopter":24},{"Potion Belt":79,"Lantern":51,"Calipers":66,"Happy Flower":46,"Gremlin Horn":70,"Bag of Preparation":11,"Empty Cage":32,"Boot":79,"Medical Kit":125,"Nunchaku":17,"Centennial Puzzle":46,"Lizard Tail":92,"HornCleat":92,"Ornamental Fan":46,"Mummified Hand":133,"Strawberry":27,"Black Star":56,"Art of War":133,"Cracked Core":0,"Symbiotic Virus":17,"FossilizedHelix":70,"Toy Ornithopter":125}],"FossilizedHelix":[107],"Toy Ornithopter":20},"card_choices":[{"not_picked":["Beam Cell","Defragment"],"picked":"Hologram","floor":1},{"not_picked":["Sweeping Beam","Gash"],"picked":"Chaos","floor":4},{"not_picked":["Beam Cell","Hello World"],"picked":"Sweeping Beam","floor":5},{"not_picked":["Go for the Eyes","Tempest"],"picked":"Hologram","floor":10},{"not_picked":["Defragment","Steam","Turbo"],"picked":"SKIP","floor":13},{"not_picked":["Sunder","Glacier"],"picked":"Electrodynamics","floor":14},{"not_picked":["Multi-Cast","Thunder Strike"],"picked":"Fission","floor":16},{"not_picked":["Streamline+1","Sweeping Beam"],"picked":"Self Repair","floor":18},{"not_picked":["Coolheaded","Stack"],"picked":"Chill","floor":22},{"not_picked":["White Noise","Lockon"],"picked":"Recycle","floor":24},{"not_picked":["Consume","Ball Lightning"],"picked":"Defragment+1","floor":30},{"not_picked":["Turbo","Stack"],"picked":"Machine Learning","floor":31},{"not_picked":["Core Surge","Hyperbeam"],"picked":"Buffer","floor":33},{"not_picked":["Auto Shields","Tempest+1"],"picked":"Redo+1","floor":35},{"not_picked":["Leap","Ball Lightning+1"],"picked":"Force Field+1","floor":38},{"not_picked":["Gash+1","Streamline","Aggregate+1"],"picked":"SKIP","floor":39},{"not_picked":["Steam Power","Conserve Battery+1"],"picked":"Scrape","floor":40},{"not_picked":["Stack+1","Ball Lightning"],"picked":"Capacitor","floor":42},{"not_picked":["Doom and Gloom+1","Storm","Beam Cell+1"],"picked":"SKIP","floor":44},{"not_picked":["Turbo","Stack","Conserve Battery"],"picked":"SKIP","floor":46},{"not_picked":["Chaos","Gash","Redo"],"picked":"SKIP","floor":47},{"not_picked":["Tempest","White Noise+1","Hologram"],"picked":"SKIP","floor":48},{"not_picked":["Tempest","White Noise+1","Hologram"],"picked":"SKIP","floor":48},{"not_picked":["Darkness","Gash+1","Defragment"],"picked":"SKIP","floor":55}],"player_experience":7162411,"relics_obtained":[{"floor":9,"key":"Bag of Preparation"},{"floor":10,"key":"Nunchaku"},{"floor":12,"key":"Symbiotic Virus"},{"floor":14,"key":"Strawberry"},{"floor":24,"key":"Ornamental Fan"},{"floor":26,"key":"Happy Flower"},{"floor":31,"key":"Lantern"},{"floor":39,"key":"Calipers"},{"floor":40,"key":"Gremlin Horn"},{"floor":40,"key":"FossilizedHelix"},{"floor":46,"key":"Boot"},{"floor":46,"key":"Potion Belt"},{"floor":48,"key":"Lizard Tail"},{"floor":48,"key":"HornCleat"},{"floor":55,"key":"Art of War"},{"floor":55,"key":"Mummified Hand"}],"event_choices":[{"damage_healed":0,"gold_gain":75,"player_choice":"Gather Gold","damage_taken":11,"max_hp_gain":0,"max_hp_loss":0,"event_name":"World of Goop","floor":2,"gold_loss":0},{"damage_healed":0,"gold_gain":0,"cards_transformed":["Strike_B"],"player_choice":"Transformed","damage_taken":0,"max_hp_gain":0,"max_hp_loss":0,"event_name":"Transmorgrifier","floor":3,"gold_loss":0,"cards_obtained":["Steam Power"]},{"damage_healed":0,"gold_gain":0,"cards_transformed":["Strike_B","Defend_B"],"player_choice":"Became Test Subject","damage_taken":0,"max_hp_gain":0,"max_hp_loss":0,"event_name":"Drug Dealer","floor":19,"gold_loss":0,"cards_obtained":["Doom and Gloom","Go for the Eyes"]},{"damage_healed":0,"gold_gain":0,"player_choice":"Ignored","damage_taken":0,"max_hp_gain":0,"max_hp_loss":0,"event_name":"Vampires","floor":20,"gold_loss":0},{"cards_removed":["Zap"],"damage_healed":0,"gold_gain":0,"player_choice":"Gave Gold","damage_taken":0,"max_hp_gain":0,"max_hp_loss":0,"event_name":"Beggar","floor":21,"gold_loss":75},{"cards_removed":["Defend_B"],"damage_healed":0,"gold_gain":0,"player_choice":"Removed Skill","damage_taken":0,"max_hp_gain":0,"max_hp_loss":0,"event_name":"Falling","floor":36,"gold_loss":0},{"damage_healed":0,"gold_gain":0,"player_choice":"Ignored","damage_taken":0,"max_hp_gain":0,"max_hp_loss":0,"event_name":"SecretPortal","floor":37,"gold_loss":0},{"damage_healed":0,"gold_gain":0,"player_choice":"Fight","damage_taken":0,"max_hp_gain":0,"max_hp_loss":0,"event_name":"Mysterious Sphere","floor":39,"gold_loss":0}],"is_beta":false,"boss_relics":[{"not_picked":["Velvet Choker","Sozu"],"picked":"Empty Cage"},{"not_picked":["Philosopher\u0027s Stone","Astrolabe"],"picked":"Black Star"}],"items_purged_floors":[7],"is_endless":false,"potions_floor_spawned":[4,5,16,24,31,33,35,42,44,46,47,48,55],"ascension_level":20,"potion_discard_per_floor":[[],[],[],[],[],[],["Dexterity Potion"],[],[],[],[],[],[],[],[],[],[],[],[],[],[],[],[],[],[],[],[],[],[],[],[],[],[],[],[],[],[],[],[],[],[],[],[],["LiquidBronze"],[],[],[],["SmokeBomb"],[],[],[],[],[],[],[],[],[]]}