{"neow_bonuses_skipped_log":["REMOVE_CARD","RANDOM_COMMON_RELIC","TRANSFORM_TWO_CARDS"],"neow_costs_skipped_log":["NONE","NONE","CURSE"],"gold_per_floor":[111,124,139,157,168,168,243,243,243,278,296,57,57,88,88,159,159,171,189,189,64,78,78,92,111,111,111,36,65,85,114,114,186,186,197,197,215,7,17,51,76,76,102,175,192,220,220,232,232,232,232,232,232,31,62,62],"floor_reached":56,"playtime":4596,"items_purged":["Dualcast","Zap","Gash","Strike_B"],"score":2018,"play_id":"b0d1847e-003c-403b-841b-6c441cc5a8e9","local_time":"20220607174351","is_ascension_mode":true,"campfire_choices":[{"data":"Go for the Eyes","floor":6,"key":"SMITH"},{"floor":8,"key":"REST"},{"data":"Hologram","floor":15,"key":"SMITH"},{"data":"Self Repair","floor":23,"key":"SMITH"},{"data":"Defragment","floor":27,"key":"SMITH"},{"data":"Hologram","floor":32,"key":"SMITH"},{"data":"Redo","floor":42,"key":"SMITH"},{"floor":47,"key":"RECALL"},{"data":"Seek","floor":49,"key":"SMITH"},{"data":"Reinforced Body","floor":53,"key":"SMITH"}],"neow_cost":"NONE","seed_source_timestamp":2103485371432100,"shop_contents":[{"floor":12,"relics":["Mercury Hourglass","Strange Spoon"],"cards":["Barrage+1","Sweeping Beam+1","Leap","Coolheaded","Hello World","Madness","Secret Technique"],"potions":["Fruit Juice","Dexterity Potion","CultistPotion"]},{"floor":21,"relics":["War Paint","Eternal Feather","Orrery"],"cards":["Scrape+1","Rip and Tear+1","Skim","Self Repair","Mind Blast+1","HandOfGreed+1"],"potions":["PotionOfCapacity","FairyPotion","Swift Potion"]},{"floor":38,"relics":["InkBottle","Shuriken","Frozen Eye"],"cards":["Gash+1","White Noise","Force Field","Self Repair","Purity","Secret Technique"],"potions":["EntropicBrew","Explosive Potion","DuplicationPotion"]},{"floor":54,"relics":["Ginger","Pear","Membership Card"],"cards":["Thunder Strike+1","Beam Cell+1","Multi-Cast","Heatsinks","Forethought","Apotheosis"],"potions":["BlessingOfTheForge","DistilledChaos","Explosive Potion"]}],"circlet_count":0,"master_deck":["AscendersBane","Strike_B+1","Strike_B","Strike_B+1","Defend_B","Defend_B","Defend_B","Leap","Go for the Eyes+1","Self Repair+1","Hologram+1","Sweeping Beam+1","Sweeping Beam+1","Glacier","Necronomicurse","Hologram+1","Cold Snap+1","Defragment+1","Beam Cell+1","Sunder+1","Echo Form","Turbo+1","Sunder+1","Reinforced Body+1","Redo+1","Coolheaded","Seek+1","Turbo","Doom and Gloom+1"],"potion_use_per_floor":[[],[],[],[],[],[],[],[],[],["DuplicationPotion","EntropicBrew","FocusPotion"],[],[],[],["Fire Potion"],[],["Strength Potion","PotionOfCapacity"],[],[],["SpeedPotion"],[],[],["PotionOfCapacity"],[],[],[],[],[],[],["EssenceOfDarkness"],["Regen Potion"],[],[],[],[],[],[],["DuplicationPotion"],[],["AttackPotion"],["Weak Potion"],[],[],[],[],[],["Weak Potion"],[],[],[],[],[],[],[],[],["GamblersBrew"],["Swift Potion","SkillPotion","BlessingOfTheForge","ColorlessPotion"]],"relics":["Busted Crown","White Beast Statue","Molten Egg 2","Vajra","StrikeDummy","Runic Pyramid","Necronomicon","Emotion Chip","Whetstone","Question Card","SacredBark","Potion Belt","Dead Branch","Sundial","Bag of Preparation","Boot"],"potions_floor_usage":[10,10,10,14,16,16,19,22,29,30,37,39,40,46,55,56,56,56,56],"damage_taken":[{"damage":2,"enemies":"2 Louse","floor":1,"turns":3},{"damage":9,"enemies":"Jaw Worm","floor":2,"turns":4},{"damage":3,"enemies":"Small Slimes","floor":3,"turns":3},{"damage":3,"enemies":"Blue Slaver","floor":4,"turns":4},{"damage":19,"enemies":"Exordium Thugs","floor":5,"turns":5},{"damage":16,"enemies":"Lagavulin","floor":10,"turns":7},{"damage":4,"enemies":"2 Fungi Beasts","floor":11,"turns":4},{"damage":0,"enemies":"3 Sentries","floor":14,"turns":3},{"damage":27,"enemies":"Hexaghost","floor":16,"turns":10},{"damage":0,"enemies":"Chosen","floor":18,"turns":6},{"damage":0,"enemies":"Shell Parasite","floor":19,"turns":6},{"damage":9,"enemies":"3 Cultists","floor":22,"turns":5},{"damage":4,"enemies":"Snecko","floor":24,"turns":5},{"damage":15,"enemies":"Snake Plant","floor":25,"turns":6},{"damage":15,"enemies":"Book of Stabbing","floor":29,"turns":4},{"damage":0,"enemies":"Centurion and Healer","floor":30,"turns":6},{"damage":0,"enemies":"Gremlin Leader","floor":31,"turns":5},{"damage":16,"enemies":"Collector","floor":33,"turns":10},{"damage":24,"enemies":"3 Shapes","floor":35,"turns":9},{"damage":18,"enemies":"3 Darklings","floor":37,"turns":6},{"damage":0,"enemies":"Spire Growth","floor":39,"turns":2},{"damage":7,"enemies":"Giant Head","floor":40,"turns":9},{"damage":0,"enemies":"Mind Bloom Boss Battle","floor":41,"turns":6},{"damage":12,"enemies":"Sphere and 2 Shapes","floor":45,"turns":6},{"damage":0,"enemies":"Nemesis","floor":46,"turns":9},{"damage":0,"enemies":"Maw","floor":48,"turns":8},{"damage":17,"enemies":"Awakened One","floor":50,"turns":13},{"damage":4,"enemies":"Time Eater","floor":51,"turns":10},{"damage":19,"enemies":"Shield and Spear","floor":55,"turns":8},{"damage":76,"enemies":"The Heart","floor":56,"turns":8}],"seed_played":"4832440603062135532","neow_bonus_log":{"cardsObtained":[],"cardsUpgraded":[],"cardsRemoved":[],"cardsTransformed":[],"relicsObtained":["Busted Crown"],"maxHpGained":0,"goldGained":0,"damageTaken":0,"goldLost":0,"maxHpLost":0},"potions_obtained":[{"floor":2,"key":"EntropicBrew"},{"floor":4,"key":"DuplicationPotion"},{"floor":10,"key":"Strength Potion"},{"floor":11,"key":"Fire Potion"},{"floor":14,"key":"PotionOfCapacity"},{"floor":16,"key":"SpeedPotion"},{"floor":18,"key":"PotionOfCapacity"},{"floor":19,"key":"PotionOfCapacity"},{"floor":22,"key":"SpeedPotion"},{"floor":24,"key":"EssenceOfDarkness"},{"floor":25,"key":"GamblersBrew"},{"floor":29,"key":"Regen Potion"},{"floor":30,"key":"DistilledChaos"},{"floor":33,"key":"DuplicationPotion"},{"floor":37,"key":"AttackPotion"},{"floor":39,"key":"Weak Potion"},{"floor":40,"key":"Swift Potion"},{"floor":41,"key":"SmokeBomb"},{"floor":45,"key":"Weak Potion"},{"floor":46,"key":"SkillPotion"},{"floor":48,"key":"BlessingOfTheForge"},{"floor":55,"key":"ColorlessPotion"}],"is_trial":false,"path_per_floor":["M","M","M","M","M","R","?","R","T","E","M","$","?","E","R","B",null,"M","M","?","$","M","R","M","M","T","R","?","E","M","E","R","B",null,"M","?","M","$","M","E","?","R","T","T","M","E","R","M","R","B","B",null,"R","$","E","B"],"character_chosen":"DEFECT","items_purchased":["Vajra","Hologram","Sunder+1","Turbo"],"campfire_rested":1,"item_purchase_floors":[12,21,38,54],"current_hp_per_floor":[62,53,50,47,35,35,24,45,45,36,39,39,44,51,51,31,65,72,76,55,55,53,53,59,54,54,54,54,49,74,76,76,70,75,61,61,53,53,53,66,76,76,76,76,64,76,76,76,76,76,76,76,76,76,76,0],"gold":62,"neow_bonus":"BOSS_RELIC","is_prod":false,"is_daily":false,"rewards_skipped":[{"floor":5,"relics":[],"potions":["SmokeBomb"]},{"floor":31,"relics":[],"potions":["LiquidBronze"]},{"floor":35,"relics":[],"potions":["Ancient Potion"]}],"chose_seed":false,"campfire_upgraded":8,"win_rate":0,"floor_exit_playtime":[125,164,198,245,314,365,378,381,383,491,555,607,611,669,679,862,996,1077,1165,1203,1273,1362,1397,1493,1569,1603,1616,1635,1755,1840,1976,1985,2195,2284,2415,2418,2551,2587,2625,2776,2906,2912,2916,2923,3045,3148,3152,3257,3269,3568,3729,3756,3772,3883,4076],"timestamp":1654638231,"blue_key_relic_skipped_log":{"floor":43,"relicID":"MawBank"},"path_taken":["M","M","M","M","M","R","?","R","T","E","M","$","?","E","R","BOSS","M","M","?","$","M","R","M","M","T","R","?","E","M","E","R","BOSS","M","?","M","$","M","E","?","R","T","?","M","E","R","M","R","BOSS","BOSS","R","$","E","BOSS"],"build_version":"2022-03-07","purchased_purges":4,"victory":false,"max_hp_per_floor":[71,71,71,71,71,71,71,71,71,71,71,71,76,76,76,76,76,76,76,76,76,76,76,76,76,76,76,76,76,76,76,76,76,76,76,76,76,76,76,76,76,76,76,76,76,76,76,76,76,76,76,76,76,76,76,76],"relic_stats":{"Emotion Chip":[42,3,29,10,0],"Busted Crown":54,"counters":[30,190],"Sundial":[4],"Dead Branch":[37],"Necronomicon":[43],"Bag of Preparation":[10],"Whetstone":["Strike_B","Strike_B"],"Question Card":10,"Boot":[0],"obtain_stats":[{"Potion Belt":40,"SacredBark":34,"Dead Branch":41,"Vajra":12,"Bag of Preparation":46,"Whetstone":29,"Question Card":31,"Boot":55,"White Beast Statue":9,"Emotion Chip":26,"Busted Crown":0,"Sundial":44,"Molten Egg 2":10,"Necronomicon":20,"Cracked Core":0,"StrikeDummy":14,"Runic Pyramid":17},{"Potion Belt":22,"SacredBark":18,"Dead Branch":23,"Vajra":7,"Bag of Preparation":25,"Whetstone":15,"Question Card":17,"Boot":29,"White Beast Statue":5,"Emotion Chip":14,"Busted Crown":0,"Sundial":23,"Molten Egg 2":6,"Necronomicon":11,"Cracked Core":0,"StrikeDummy":8,"Runic Pyramid":9},{"Potion Belt":122,"SacredBark":96,"Dead Branch":128,"Vajra":30,"Bag of Preparation":143,"Whetstone":75,"Question Card":86,"Boot":182,"White Beast Statue":19,"Emotion Chip":71,"Busted Crown":0,"Sundial":128,"Molten Egg 2":26,"Necronomicon":55,"Cracked Core":0,"StrikeDummy":33,"Runic Pyramid":43}],"White Beast Statue":[0.0,0.0,0.0,0.4,0.0,0.6000000000000001,0.0,0.0,0.0,0.0,0.0,9.460594944000006]},"card_choices":[{"not_picked":[],"picked":"Gash","floor":1},{"not_picked":[],"picked":"Leap","floor":2},{"not_picked":[],"picked":"Go for the Eyes","floor":3},{"not_picked":[],"picked":"Self Repair","floor":4},{"not_picked":[],"picked":"Hologram","floor":5},{"not_picked":[],"picked":"Sweeping Beam+1","floor":10},{"not_picked":[],"picked":"Sweeping Beam+1","floor":11},{"not_picked":[],"picked":"Glacier","floor":14},{"not_picked":["Stack"],"picked":"SKIP","floor":18},{"not_picked":["Aggregate"],"picked":"SKIP","floor":19},{"not_picked":[],"picked":"Cold Snap+1","floor":22},{"not_picked":[],"picked":"Defragment","floor":24},{"not_picked":["Heatsinks"],"picked":"SKIP","floor":25},{"not_picked":[],"picked":"Beam Cell+1","floor":29},{"not_picked":["Auto Shields"],"picked":"SKIP","floor":30},{"not_picked":[],"picked":"Sunder+1","floor":31},{"not_picked":["Rainbow"],"picked":"Echo Form","floor":33},{"not_picked":["Conserve Battery","Storm"],"picked":"SKIP","floor":35},{"not_picked":["Cold Snap+1"],"picked":"Turbo+1","floor":37},{"not_picked":["Compile Driver+1"],"picked":"Reinforced Body","floor":39},{"not_picked":["Sweeping Beam+1"],"picked":"Redo","floor":40},{"not_picked":["Go for the Eyes+1"],"picked":"Coolheaded","floor":41},{"not_picked":["Rebound+1"],"picked":"Seek","floor":46},{"not_picked":["Streamline+1"],"picked":"Doom and Gloom+1","floor":55}],"player_experience":7101735,"relics_obtained":[{"floor":9,"key":"White Beast Statue"},{"floor":10,"key":"Molten Egg 2"},{"floor":14,"key":"StrikeDummy"},{"floor":20,"key":"Necronomicon"},{"floor":26,"key":"Emotion Chip"},{"floor":29,"key":"Whetstone"},{"floor":31,"key":"Question Card"},{"floor":40,"key":"Potion Belt"},{"floor":41,"key":"Dead Branch"},{"floor":44,"key":"Sundial"},{"floor":46,"key":"Bag of Preparation"},{"floor":55,"key":"Boot"}],"event_choices":[{"damage_healed":0,"gold_gain":75,"player_choice":"Gather Gold","damage_taken":11,"max_hp_gain":0,"max_hp_loss":0,"event_name":"World of Goop","floor":7,"gold_loss":0},{"damage_healed":0,"gold_gain":0,"player_choice":"Donut","damage_taken":0,"max_hp_gain":5,"max_hp_loss":0,"event_name":"Big Fish","floor":13,"gold_loss":0},{"damage_healed":0,"gold_gain":0,"player_choice":"Obtained Book","damage_taken":21,"max_hp_gain":0,"max_hp_loss":0,"event_name":"Cursed Tome","floor":20,"gold_loss":0},{"cards_removed":["Defend_B"],"damage_healed":0,"gold_gain":0,"player_choice":"Gave Gold","damage_taken":0,"max_hp_gain":0,"max_hp_loss":0,"event_name":"Beggar","floor":28,"gold_loss":75},{"damage_healed":0,"gold_gain":0,"player_choice":"Ignored","damage_taken":0,"max_hp_gain":0,"max_hp_loss":0,"event_name":"Tomb of Lord Red Mask","floor":36,"gold_loss":0},{"damage_healed":0,"gold_gain":0,"player_choice":"Fight","damage_taken":0,"max_hp_gain":0,"max_hp_loss":0,"event_name":"MindBloom","floor":41,"gold_loss":0}],"is_beta":false,"boss_relics":[{"not_picked":["Astrolabe","Coffee Dripper"],"picked":"Runic Pyramid"},{"not_picked":["Black Star","Velvet Choker"],"picked":"SacredBark"}],"items_purged_floors":[12,21,38,54],"is_endless":false,"potions_floor_spawned":[2,4,5,10,11,14,16,18,19,22,24,25,29,30,31,33,35,37,39,40,41,45,46,48,55],"killed_by":"The Heart","ascension_level":20,"potion_discard_per_floor":[[],[],[],[],[],[],[],[],[],[],["LiquidMemories"],[],[],[],[],[],[],[],[],[],[],[],[],["SpeedPotion"],["PotionOfCapacity"],[],[],[],[],[],[],[],["DistilledChaos"],[],[],[],[],[],[],[],[],[],[],[],[],[],[],["SmokeBomb"],[],[],[],[],[],[],[],[]]}