{"neow_bonuses_skipped_log":["RANDOM_COLORLESS","TEN_PERCENT_HP_BONUS","BOSS_RELIC"],"neow_costs_skipped_log":["NONE","NONE","NONE"],"gold_per_floor":[20,20,45,61,74,74,74,93,119,152,177,208,208,247,247,345,345,359,373,172,188,278,278,319,319,342,378,378,418,97,140,140,234,234,259,284,284,300,321,321,337,337,337,372,384,431,116,116,116,116,116,116,116,9,49,49],"floor_reached":56,"playtime":4711,"items_purged":["Strike_B","Strike_B","Strike_B","Strike_B"],"score":2050,"play_id":"fb853c46-a572-476b-a626-69762f12df4f","local_time":"20220601160152","is_ascension_mode":true,"campfire_choices":[{"data":"Defragment","floor":6,"key":"SMITH"},{"floor":13,"key":"REST"},{"data":"Seek","floor":15,"key":"SMITH"},{"data":"Redo","floor":23,"key":"SMITH"},{"data":"Dualcast","floor":25,"key":"SMITH"},{"floor":28,"key":"REST"},{"data":"Hologram","floor":32,"key":"SMITH"},{"data":"Biased Cognition","floor":40,"key":"SMITH"},{"floor":42,"key":"RECALL"},{"data":"Impatience","floor":45,"key":"SMITH"},{"data":"Turbo","floor":49,"key":"SMITH"},{"data":"Coolheaded","floor":53,"key":"SMITH"}],"neow_cost":"NO_GOLD","seed_source_timestamp":1578852778347300,"shop_contents":[{"floor":20,"relics":["Pear","Singing Bowl","PrismaticShard"],"cards":["Rebound","Gash","Conserve Battery","Swift Strike","Secret Weapon"],"potions":["Energy Potion","Energy Potion","SpeedPotion"]},{"floor":30,"relics":["Juzu Bracelet","Chemical X"],"cards":["Rebound","Compile Driver","Leap","Hello World","Madness","Chrysalis"],"potions":["AttackPotion","FearPotion","PotionOfCapacity"]},{"floor":47,"relics":["War Paint","Strange Spoon"],"cards":["Compile Driver","FTL","Turbo","Stack","Storm","Magnetism"],"potions":["Weak Potion","Dexterity Potion","SmokeBomb"]},{"floor":54,"relics":["StrikeDummy","White Beast Statue","Runic Capacitor"],"cards":["Rebound","Streamline","Conserve Battery","Stack","Heatsinks","Trip","Secret Weapon"],"potions":["Explosive Potion","LiquidMemories"]}],"circlet_count":0,"master_deck":["AscendersBane","Defend_B","Defend_B","Defend_B","Defend_B","Zap","Dualcast+1","Thinking Ahead","Defragment+1","Leap","Cold Snap","Beam Cell","Cold Snap","Seek+1","Ball Lightning","Doom and Gloom","Rainbow","Redo+1","Chill","Double Energy","Self Repair","Compile Driver","Recycle+1","Hologram+1","Compile Driver","Biased Cognition+1","Heatsinks+1","Impatience","Impatience+1","Madness","Coolheaded+1","Go for the Eyes+1","Turbo+1","Redo+1","Dark Shackles"],"potion_use_per_floor":[[],[],[],[],[],[],[],[],[],["GamblersBrew"],[],[],[],[],[],[],[],["DistilledChaos"],[],[],[],[],[],["DistilledChaos"],[],[],[],[],[],[],[],[],["Swift Potion"],[],[],[],[],["SkillPotion"],[],[],["DistilledChaos"],[],[],[],[],[],[],[],[],[],[],[],[],[],["DuplicationPotion"],["FocusPotion"]],"relics":["Cracked Core","Golden Idol","Oddly Smooth Stone","Akabeko","Toy Ornithopter","DataDisk","Runic Pyramid","Ornamental Fan","Bag of Marbles","Vajra","Matryoshka","PreservedInsect","Smiling Mask","SacredBark","MawBank","Boot","Regal Pillow"],"potions_floor_usage":[10,18,24,33,38,41,55,56],"damage_taken":[{"damage":9,"enemies":"2 Louse","floor":1,"turns":2},{"damage":4,"enemies":"Small Slimes","floor":3,"turns":3},{"damage":2,"enemies":"Jaw Worm","floor":4,"turns":4},{"damage":18,"enemies":"Gremlin Gang","floor":5,"turns":5},{"damage":3,"enemies":"2 Fungi Beasts","floor":8,"turns":4},{"damage":30,"enemies":"Gremlin Nob","floor":10,"turns":5},{"damage":0,"enemies":"Exordium Thugs","floor":11,"turns":4},{"damage":15,"enemies":"Lagavulin","floor":12,"turns":6},{"damage":10,"enemies":"3 Sentries","floor":14,"turns":6},{"damage":9,"enemies":"The Guardian","floor":16,"turns":9},{"damage":1,"enemies":"2 Thieves","floor":18,"turns":4},{"damage":0,"enemies":"Chosen","floor":19,"turns":3},{"damage":2,"enemies":"Snecko","floor":21,"turns":6},{"damage":18,"enemies":"Slavers","floor":24,"turns":5},{"damage":12,"enemies":"Book of Stabbing","floor":27,"turns":5},{"damage":0,"enemies":"Gremlin Leader","floor":29,"turns":8},{"damage":0,"enemies":"Slavers","floor":31,"turns":1},{"damage":48,"enemies":"Collector","floor":33,"turns":12},{"damage":0,"enemies":"3 Darklings","floor":35,"turns":5},{"damage":2,"enemies":"3 Shapes","floor":36,"turns":6},{"damage":0,"enemies":"Maw","floor":38,"turns":6},{"damage":18,"enemies":"Writhing Mass","floor":39,"turns":6},{"damage":0,"enemies":"Transient","floor":41,"turns":6},{"damage":21,"enemies":"3 Darklings","floor":44,"turns":4},{"damage":34,"enemies":"Nemesis","floor":46,"turns":7},{"damage":31,"enemies":"Donu and Deca","floor":50,"turns":8},{"damage":41,"enemies":"Time Eater","floor":51,"turns":9},{"damage":26,"enemies":"Shield and Spear","floor":55,"turns":8},{"damage":52,"enemies":"The Heart","floor":56,"turns":9}],"seed_played":"-4332755613112873007","neow_bonus_log":{"cardsObtained":[],"cardsUpgraded":[],"cardsRemoved":[],"cardsTransformed":[],"relicsObtained":[],"maxHpGained":0,"goldGained":0,"damageTaken":0,"goldLost":99,"maxHpLost":0},"potions_obtained":[{"floor":3,"key":"PotionOfCapacity"},{"floor":5,"key":"GamblersBrew"},{"floor":16,"key":"DistilledChaos"},{"floor":19,"key":"DistilledChaos"},{"floor":24,"key":"FearPotion"},{"floor":27,"key":"Swift Potion"},{"floor":29,"key":"DistilledChaos"},{"floor":33,"key":"SkillPotion"},{"floor":39,"key":"Strength Potion"},{"floor":44,"key":"DuplicationPotion"}],"is_trial":false,"path_per_floor":["M","?","M","M","M","R","?","M","T","E","M","E","R","E","R","B",null,"M","M","$","M","?","R","E","R","T","E","R","E","$","E","R","B",null,"M","M","?","M","M","R","M","R","T","M","R","E","$","?","R","B","B",null,"R","$","E","B"],"character_chosen":"DEFECT","items_purchased":["Double Energy","Self Repair","PreservedInsect","Hologram","Dark Shackles","Regal Pillow","FocusPotion"],"campfire_rested":2,"item_purchase_floors":[20,20,30,30,47,47,54],"current_hp_per_floor":[55,55,51,49,31,31,52,49,49,19,19,4,23,13,13,4,49,53,53,53,58,46,46,40,40,40,35,54,61,61,64,64,23,54,61,64,54,64,53,53,64,64,64,50,50,23,23,74,74,50,16,60,60,60,46,0],"gold":49,"neow_bonus":"RANDOM_COLORLESS_2","is_prod":false,"is_daily":false,"rewards_skipped":[{"floor":8,"relics":[],"potions":["Dexterity Potion"]},{"floor":35,"relics":[],"potions":["SkillPotion"]},{"floor":55,"relics":["Dead Branch"],"potions":[]}],"chose_seed":false,"campfire_upgraded":9,"win_rate":0,"floor_exit_playtime":[145,151,199,255,389,398,418,485,498,564,630,767,773,898,905,1108,1183,1294,1334,1405,1516,1536,1550,1660,1671,1675,1827,1841,2026,2050,2080,2089,2404,2479,2595,2696,2745,2923,3028,3038,3198,3204,3212,3304,3315,3406,3439,3451,3464,3698,3974,3992,4024,4044,4322],"timestamp":1654113712,"blue_key_relic_skipped_log":{"floor":43,"relicID":"Molten Egg 2"},"path_taken":["M","?","M","M","M","R","?","M","T","E","M","E","R","E","R","BOSS","M","M","$","M","?","R","E","R","T","E","R","E","$","E","R","BOSS","M","?","?","M","M","R","M","R","T","M","R","E","$","?","R","BOSS","BOSS","R","$","E","BOSS"],"build_version":"2022-03-07","purchased_purges":4,"victory":false,"max_hp_per_floor":[71,64,64,64,64,64,64,64,64,64,64,64,64,64,64,64,64,64,64,64,64,64,64,64,64,64,64,64,64,64,64,64,64,64,64,64,64,64,64,64,64,64,64,64,64,64,64,74,74,74,74,74,74,74,74,74],"relic_stats":{"Regal Pillow":0,"Matryoshka":1,"counters":[29,166],"Golden Idol":201,"Ornamental Fan":[100],"PreservedInsect":168,"Smiling Mask":175,"MawBank":48,"Boot":[17],"obtain_stats":[{"Regal Pillow":47,"Golden Idol":2,"SacredBark":34,"Oddly Smooth Stone":9,"Vajra":27,"PreservedInsect":30,"Smiling Mask":31,"MawBank":43,"Boot":46,"Akabeko":10,"DataDisk":14,"Matryoshka":29,"Ornamental Fan":24,"Bag of Marbles":26,"Cracked Core":0,"Toy Ornithopter":12,"Runic Pyramid":17},{"Regal Pillow":25,"Golden Idol":1,"SacredBark":18,"Oddly Smooth Stone":5,"Vajra":15,"PreservedInsect":16,"Smiling Mask":17,"MawBank":23,"Boot":25,"Akabeko":6,"DataDisk":9,"Matryoshka":16,"Ornamental Fan":14,"Bag of Marbles":14,"Cracked Core":0,"Toy Ornithopter":8,"Runic Pyramid":10},{"Regal Pillow":132,"Golden Idol":2,"SacredBark":92,"Oddly Smooth Stone":18,"Vajra":71,"PreservedInsect":79,"Smiling Mask":80,"MawBank":121,"Boot":132,"Akabeko":23,"DataDisk":39,"Matryoshka":79,"Ornamental Fan":66,"Bag of Marbles":66,"Cracked Core":0,"Toy Ornithopter":33,"Runic Pyramid":48}],"Toy Ornithopter":30},"card_choices":[{"not_picked":["Sadistic Nature","Mayhem"],"picked":"Thinking Ahead","floor":0},{"not_picked":["Gash","Streamline"],"picked":"Defragment","floor":1},{"not_picked":["Force Field","Fusion"],"picked":"Leap","floor":3},{"not_picked":["Leap","Hologram"],"picked":"Cold Snap","floor":4},{"not_picked":["Hologram","Meteor Strike"],"picked":"Beam Cell","floor":5},{"not_picked":["Self Repair","Reinforced Body"],"picked":"Cold Snap","floor":8},{"not_picked":["Hello World","Consume"],"picked":"Seek","floor":10},{"not_picked":["Stack","Gash"],"picked":"Ball Lightning","floor":11},{"not_picked":["Loop","Blizzard"],"picked":"Doom and Gloom","floor":12},{"not_picked":["Rip and Tear","Streamline","Tempest"],"picked":"SKIP","floor":14},{"not_picked":["Seek","Core Surge"],"picked":"Rainbow","floor":16},{"not_picked":["Conserve Battery","Sweeping Beam"],"picked":"Redo","floor":18},{"not_picked":["Rip and Tear","Ball Lightning"],"picked":"Chill","floor":19},{"not_picked":["Ball Lightning","Meteor Strike","Redo"],"picked":"SKIP","floor":21},{"not_picked":["Aggregate","Undo+1"],"picked":"Compile Driver","floor":24},{"not_picked":["White Noise","Chaos"],"picked":"Recycle+1","floor":27},{"not_picked":["Steam","Rebound"],"picked":"Hyperbeam","floor":29},{"not_picked":["Amplify","Steam"],"picked":"Compile Driver","floor":31},{"not_picked":["Multi-Cast","Creative AI"],"picked":"Biased Cognition","floor":33},{"not_picked":["Ball Lightning","Blizzard"],"picked":"Heatsinks+1","floor":35},{"not_picked":["Steam","Ball Lightning","Redo"],"picked":"SKIP","floor":36},{"not_picked":["Enlightenment","Dramatic Entrance"],"picked":"Impatience","floor":37},{"not_picked":["Flash of Steel","Sadistic Nature"],"picked":"Impatience","floor":37},{"not_picked":["Dramatic Entrance","Bandage Up"],"picked":"Madness","floor":37},{"not_picked":["Cold Snap","Melter"],"picked":"Coolheaded","floor":38},{"not_picked":["Hologram","Streamline"],"picked":"Go for the Eyes+1","floor":39},{"not_picked":["Rebound","Ball Lightning"],"picked":"Turbo","floor":41},{"not_picked":["Chaos+1","Electrodynamics"],"picked":"Redo+1","floor":44},{"not_picked":["Skim","Double Energy","Conserve Battery"],"picked":"SKIP","floor":46},{"not_picked":["Redo","FTL+1","Rip and Tear"],"picked":"SKIP","floor":55}],"player_experience":7052342,"relics_obtained":[{"floor":9,"key":"Oddly Smooth Stone"},{"floor":10,"key":"Akabeko"},{"floor":12,"key":"Toy Ornithopter"},{"floor":14,"key":"DataDisk"},{"floor":24,"key":"Ornamental Fan"},{"floor":26,"key":"Bag of Marbles"},{"floor":27,"key":"Vajra"},{"floor":29,"key":"Matryoshka"},{"floor":31,"key":"Smiling Mask"},{"floor":43,"key":"MawBank"},{"floor":46,"key":"Boot"}],"event_choices":[{"damage_healed":0,"gold_gain":0,"player_choice":"Lose Max HP","damage_taken":0,"relics_obtained":["Golden Idol"],"max_hp_gain":0,"max_hp_loss":7,"event_name":"Golden Idol","floor":2,"gold_loss":0},{"damage_healed":21,"gold_gain":0,"player_choice":"Banana","damage_taken":0,"max_hp_gain":0,"max_hp_loss":0,"event_name":"Big Fish","floor":7,"gold_loss":0},{"damage_healed":0,"gold_gain":90,"player_choice":"GOLD ","damage_taken":12,"max_hp_gain":0,"max_hp_loss":0,"event_name":"Knowing Skull","floor":22,"potions_obtained":[],"gold_loss":0,"cards_obtained":[]},{"damage_healed":0,"gold_gain":0,"player_choice":"Memory 3","damage_taken":10,"max_hp_gain":0,"max_hp_loss":0,"event_name":"SensoryStone","floor":37,"gold_loss":0},{"cards_removed":["Hyperbeam"],"damage_healed":41,"gold_gain":0,"player_choice":"Offered Rare","damage_taken":0,"max_hp_gain":10,"max_hp_loss":0,"event_name":"Bonfire Elementals","floor":48,"gold_loss":0}],"is_beta":false,"boss_relics":[{"not_picked":["Calling Bell","Ectoplasm"],"picked":"Runic Pyramid"},{"not_picked":["Tiny House","Runic Dome"],"picked":"SacredBark"}],"items_purged_floors":[20,30,47,54],"is_endless":false,"potions_floor_spawned":[3,5,8,16,19,24,27,29,33,35,39,44],"killed_by":"The Heart","ascension_level":20,"potion_discard_per_floor":[[],[],[],[],[],[],[],[],[],[],[],[],[],[],[],[],[],[],[],[],[],[],[],[],[],[],["PotionOfCapacity"],[],["FearPotion"],[],[],[],[],[],[],[],[],[],[],[],[],[],[],[],[],[],[],[],[],[],[],[],[],["Strength Potion"],[],[]]}