{"neow_bonuses_skipped_log":["THREE_CARDS","RANDOM_COMMON_RELIC","THREE_RARE_CARDS"],"neow_costs_skipped_log":["NONE","NONE","TEN_PERCENT_HP_LOSS"],"gold_per_floor":[109,128,139,58,69,86,62,72,72,72,102,121,121,133,133,204,204,216,37,51,51,61,61,73,106,106,126,151,151,161,196,196,269,269,288,305,317,337,355,355,388,388,460,494,514,514,531,544,544,544,544,544,544,140,169,169],"floor_reached":57,"playtime":5575,"items_purged":["Hello World"],"score":3222,"play_id":"cd6fd6ff-7c91-4b78-b021-f213bbe737d2","local_time":"20220608162302","falling_options_log":["Coolheaded","Self Repair"],"is_ascension_mode":true,"campfire_choices":[{"data":"Buffer","floor":13,"key":"SMITH"},{"data":"Sweeping Beam","floor":15,"key":"SMITH"},{"data":"Reboot","floor":23,"key":"SMITH"},{"floor":29,"key":"RECALL"},{"data":"1","floor":32,"key":"LIFT"},{"data":"2","floor":40,"key":"LIFT"},{"data":"3","floor":42,"key":"LIFT"},{"data":"Seek","floor":49,"key":"SMITH"},{"data":"Buffer","floor":53,"key":"SMITH"}],"neow_cost":"NONE","seed_source_timestamp":2184036005483400,"shop_contents":[{"floor":4,"relics":["Bird Faced Urn","Prayer Wheel","Sling"],"cards":["Go for the Eyes","Compile Driver","Aggregate","Steam","Enlightenment","HandOfGreed"],"potions":["LiquidMemories","DuplicationPotion","EssenceOfSteel"]},{"floor":19,"relics":["PreservedInsect","Symbiotic Virus","Orrery"],"cards":["Gash","Beam Cell","Auto Shields","Coolheaded","Defragment","Deep Breath"],"potions":["FearPotion","AttackPotion","SneckoOil"]},{"floor":54,"relics":["Orichalcum"],"cards":["Rebound","Thunder Strike","Seek","Chaos","Self Repair","Good Instincts","Master of Strategy"],"potions":["Block Potion","SpeedPotion","LiquidBronze"]}],"circlet_count":0,"master_deck":["AscendersBane","Sweeping Beam+1","Self Repair","Steam","Auto Shields","Buffer+1","Hologram","Coolheaded","Rebound","Reinforced Body","Core Surge","All For One","Aggregate","Reboot+1","Force Field","Force Field","BootSequence","Amplify","FTL","Apotheosis+1","Machine Learning","Streamline+1","Hologram","Seek+1","Reprogram","Beam Cell","Skim","Hologram+1","Buffer+1","Reprogram"],"potion_use_per_floor":[[],[],[],[],[],[],[],[],[],[],[],[],[],[],[],[],[],[],[],[],[],[],[],[],[],[],[],[],[],[],[],[],[],[],[],[],[],[],[],[],[],[],[],[],[],[],[],[],[],[],[],[],[],[],[],[],[]],"relics":["Sozu","Incense Burner","Happy Flower","Pandora\u0027s Box","Mummified Hand","Cables","Lizard Tail","Girya","Empty Cage","Oddly Smooth Stone","Gambling Chip","OrangePellets","Centennial Puzzle","Lantern"],"potions_floor_usage":[],"damage_taken":[{"damage":6,"enemies":"Cultist","floor":1,"turns":4},{"damage":15,"enemies":"2 Louse","floor":2,"turns":4},{"damage":2,"enemies":"Jaw Worm","floor":3,"turns":3},{"damage":10,"enemies":"2 Fungi Beasts","floor":5,"turns":3},{"damage":13,"enemies":"3 Louse","floor":6,"turns":4},{"damage":5,"enemies":"Exordium Thugs","floor":7,"turns":4},{"damage":0,"enemies":"2 Fungi Beasts","floor":8,"turns":4},{"damage":14,"enemies":"3 Sentries","floor":11,"turns":10},{"damage":7,"enemies":"Exordium Wildlife","floor":12,"turns":7},{"damage":0,"enemies":"Red Slaver","floor":14,"turns":4},{"damage":0,"enemies":"Slime Boss","floor":16,"turns":10},{"damage":9,"enemies":"3 Byrds","floor":18,"turns":7},{"damage":0,"enemies":"Shell Parasite","floor":20,"turns":10},{"damage":14,"enemies":"3 Cultists","floor":22,"turns":8},{"damage":0,"enemies":"Centurion and Healer","floor":24,"turns":9},{"damage":0,"enemies":"Book of Stabbing","floor":25,"turns":6},{"damage":1,"enemies":"Snake Plant","floor":27,"turns":5},{"damage":0,"enemies":"Gremlin Leader","floor":28,"turns":5},{"damage":7,"enemies":"3 Cultists","floor":30,"turns":8},{"damage":0,"enemies":"Book of Stabbing","floor":31,"turns":5},{"damage":0,"enemies":"Champ","floor":33,"turns":15},{"damage":0,"enemies":"3 Shapes","floor":35,"turns":10},{"damage":0,"enemies":"3 Darklings","floor":36,"turns":4},{"damage":6,"enemies":"Jaw Worm Horde","floor":37,"turns":7},{"damage":6,"enemies":"Sphere and 2 Shapes","floor":38,"turns":4},{"damage":0,"enemies":"4 Shapes","floor":39,"turns":8},{"damage":0,"enemies":"Reptomancer","floor":41,"turns":5},{"damage":0,"enemies":"Giant Head","floor":44,"turns":4},{"damage":0,"enemies":"Maw","floor":45,"turns":6},{"damage":0,"enemies":"Writhing Mass","floor":47,"turns":8},{"damage":0,"enemies":"Spire Growth","floor":48,"turns":2},{"damage":21,"enemies":"Awakened One","floor":50,"turns":12},{"damage":1,"enemies":"Time Eater","floor":51,"turns":17},{"damage":0,"enemies":"Shield and Spear","floor":55,"turns":12},{"damage":33,"enemies":"The Heart","floor":56,"turns":11}],"seed_played":"-846974354360742183","neow_bonus_log":{"cardsObtained":[],"cardsUpgraded":[],"cardsRemoved":[],"cardsTransformed":[],"relicsObtained":["Sozu"],"maxHpGained":0,"goldGained":0,"damageTaken":0,"goldLost":0,"maxHpLost":0},"potions_obtained":[],"is_trial":false,"path_per_floor":["M","M","M","$","M","M","M","M","T","?","E","M","R","M","R","B",null,"M","$","M","?","M","R","M","E","T","M","E","R","M","E","R","B",null,"M","M","M","M","M","R","E","R","T","E","M","?","M","M","R","B","B",null,"R","$","E","B",null],"character_chosen":"DEFECT","items_purchased":["Self Repair","Apotheosis","OrangePellets","Centennial Puzzle"],"campfire_rested":0,"item_purchase_floors":[4,19,54,54],"current_hp_per_floor":[58,43,41,41,38,32,34,41,41,41,34,34,34,41,41,48,65,70,70,71,71,67,67,71,71,71,71,71,71,71,71,71,71,71,71,71,71,71,71,71,71,71,71,71,71,71,71,71,71,70,71,71,71,71,71,58],"gold":169,"neow_bonus":"BOSS_RELIC","is_prod":false,"is_daily":false,"rewards_skipped":[{"floor":1,"relics":[],"potions":["Fruit Juice"]},{"floor":6,"relics":[],"potions":["FocusPotion"]},{"floor":7,"relics":[],"potions":["BlessingOfTheForge"]},{"floor":14,"relics":[],"potions":["EssenceOfSteel"]},{"floor":16,"relics":[],"potions":["BlessingOfTheForge"]},{"floor":20,"relics":[],"potions":["Swift Potion"]},{"floor":24,"relics":[],"potions":["Weak Potion"]},{"floor":25,"relics":[],"potions":["Dexterity Potion"]},{"floor":30,"relics":[],"potions":["Strength Potion"]},{"floor":31,"relics":[],"potions":["DistilledChaos"]},{"floor":33,"relics":[],"potions":["Energy Potion"]},{"floor":36,"relics":[],"potions":["Regen Potion"]},{"floor":37,"relics":[],"potions":["LiquidMemories"]},{"floor":38,"relics":[],"potions":["PotionOfCapacity"]},{"floor":44,"relics":[],"potions":["LiquidBronze"]},{"floor":45,"relics":[],"potions":["PotionOfCapacity"]},{"floor":48,"relics":[],"potions":["Explosive Potion"]}],"chose_seed":false,"campfire_upgraded":5,"win_rate":0,"floor_exit_playtime":[119,161,213,238,304,354,414,502,506,561,699,823,830,914,921,1104,1218,1377,1442,1607,1634,1772,1785,1964,2142,2165,2293,2441,2447,2577,2683,2688,2998,3099,3235,3321,3420,3493,3587,3593,3776,3782,3788,3897,3997,4014,4144,4201,4209,4487,4784,4803,4816,4921,5226,5575],"timestamp":1654719782,"blue_key_relic_skipped_log":{"floor":43,"relicID":"Ornamental Fan"},"path_taken":["M","M","M","$","M","M","M","M","T","?","E","?","R","M","R","BOSS","M","$","M","?","M","R","M","E","T","M","E","R","?","E","R","BOSS","M","M","M","M","M","R","E","R","T","E","M","?","M","M","R","BOSS","BOSS","R","$","E","BOSS"],"build_version":"2022-03-07","purchased_purges":1,"victory":true,"max_hp_per_floor":[71,71,71,71,71,71,71,71,71,71,71,71,71,71,71,71,71,71,71,71,71,71,71,71,71,71,71,71,71,71,71,71,71,71,71,71,71,71,71,71,71,71,71,71,71,71,71,71,71,71,71,71,71,71,71,71],"relic_stats":{"Sozu":17,"Girya":3,"OrangePellets":[4],"Lizard Tail":0,"Centennial Puzzle":[3],"Happy Flower":[69],"counters":[35,245],"Mummified Hand":[104],"Gambling Chip":[19],"Pandora\u0027s Box":["All For One","Aggregate","Reboot","Force Field","Force Field","BootSequence","Amplify","FTL"],"obtain_stats":[{"Girya":31,"Lantern":55,"Happy Flower":11,"Oddly Smooth Stone":41,"Incense Burner":9,"Empty Cage":34,"Cables":26,"Sozu":0,"OrangePellets":54,"Lizard Tail":28,"Centennial Puzzle":54,"Mummified Hand":25,"Gambling Chip":44,"Pandora\u0027s Box":17,"Cracked Core":0},{"Girya":20,"Lantern":34,"Happy Flower":8,"Oddly Smooth Stone":27,"Incense Burner":7,"Empty Cage":21,"Cables":16,"Sozu":0,"OrangePellets":33,"Lizard Tail":18,"Centennial Puzzle":33,"Mummified Hand":16,"Gambling Chip":28,"Pandora\u0027s Box":11,"Cracked Core":0},{"Girya":120,"Lantern":234,"Happy Flower":36,"Oddly Smooth Stone":173,"Incense Burner":26,"Empty Cage":135,"Cables":97,"Sozu":0,"OrangePellets":222,"Lizard Tail":107,"Centennial Puzzle":222,"Mummified Hand":97,"Gambling Chip":177,"Pandora\u0027s Box":57,"Cracked Core":0}],"Cables":[95,12,83,0,0]},"card_choices":[{"not_picked":["Aggregate","Redo","Turbo"],"picked":"SKIP","floor":1},{"not_picked":["Loop","Redo"],"picked":"Sweeping Beam","floor":2},{"not_picked":["Recycle","BootSequence"],"picked":"Sweeping Beam","floor":3},{"not_picked":["Capacitor","Blizzard"],"picked":"Steam","floor":5},{"not_picked":["Lockon","Go for the Eyes"],"picked":"Auto Shields","floor":6},{"not_picked":["Cold Snap","Recycle"],"picked":"Buffer","floor":7},{"not_picked":["Coolheaded","Defragment"],"picked":"Hello World","floor":8},{"not_picked":["Steam Power","Gash"],"picked":"Coolheaded","floor":11},{"not_picked":["FTL","Turbo"],"picked":"Rebound","floor":12},{"not_picked":["Hologram","Go for the Eyes"],"picked":"Reinforced Body","floor":14},{"not_picked":["Fission","Reboot"],"picked":"Core Surge","floor":16},{"not_picked":["Conserve Battery","Melter","Steam"],"picked":"SKIP","floor":18},{"not_picked":["Scrape","Undo","Gash"],"picked":"SKIP","floor":20},{"not_picked":["Sweeping Beam","Tempest"],"picked":"Machine Learning","floor":22},{"not_picked":["Go for the Eyes","Compile Driver"],"picked":"Streamline+1","floor":24},{"not_picked":["Genetic Algorithm+1","Turbo"],"picked":"Hologram","floor":25},{"not_picked":["Redo","Turbo","Cold Snap"],"picked":"SKIP","floor":27},{"not_picked":["Redo","Turbo","Cold Snap"],"picked":"SKIP","floor":27},{"not_picked":["Thunder Strike","Compile Driver","Sunder"],"picked":"SKIP","floor":28},{"not_picked":["Sunder","Stack","Melter"],"picked":"SKIP","floor":30},{"not_picked":["Rebound","Cold Snap","Redo"],"picked":"SKIP","floor":31},{"not_picked":["Thunder Strike","Machine Learning"],"picked":"Seek","floor":33},{"not_picked":["Fusion","Go for the Eyes+1"],"picked":"Reprogram","floor":35},{"not_picked":["Stack","Double Energy","Compile Driver"],"picked":"SKIP","floor":36},{"not_picked":["Double Energy","Conserve Battery"],"picked":"Beam Cell","floor":37},{"not_picked":["Blizzard+1","Consume+1","Turbo"],"picked":"SKIP","floor":38},{"not_picked":["Leap","Beam Cell","Conserve Battery"],"picked":"SKIP","floor":39},{"not_picked":["Ball Lightning+1","Melter"],"picked":"Skim","floor":41},{"not_picked":["Gash+1","Chill","BootSequence"],"picked":"SKIP","floor":44},{"not_picked":["Turbo","Streamline"],"picked":"Hologram+1","floor":45},{"not_picked":["Compile Driver+1","Leap"],"picked":"Buffer","floor":47},{"not_picked":["Compile Driver+1","Sweeping Beam+1","Chaos+1"],"picked":"SKIP","floor":48},{"not_picked":["All For One","Loop"],"picked":"Reprogram","floor":55}],"player_experience":7114582,"relics_obtained":[{"floor":9,"key":"Incense Burner"},{"floor":11,"key":"Happy Flower"},{"floor":25,"key":"Mummified Hand"},{"floor":26,"key":"Cables"},{"floor":28,"key":"Lizard Tail"},{"floor":31,"key":"Girya"},{"floor":41,"key":"Oddly Smooth Stone"},{"floor":44,"key":"Gambling Chip"},{"floor":55,"key":"Lantern"}],"event_choices":[{"damage_healed":0,"gold_gain":0,"player_choice":"1 cards matched","damage_taken":0,"max_hp_gain":0,"max_hp_loss":0,"event_name":"Match and Keep!","floor":10,"gold_loss":0,"cards_obtained":["Hologram"]},{"damage_healed":0,"gold_gain":0,"player_choice":"Upgraded","damage_taken":0,"max_hp_gain":0,"max_hp_loss":0,"event_name":"Upgrade Shrine","floor":21,"gold_loss":0,"cards_upgraded":["Apotheosis"]},{"cards_removed":["Sweeping Beam"],"damage_healed":0,"gold_gain":0,"player_choice":"Removed Attack","damage_taken":0,"max_hp_gain":0,"max_hp_loss":0,"event_name":"Falling","floor":46,"gold_loss":0}],"is_beta":false,"boss_relics":[{"not_picked":["Black Star","Coffee Dripper"],"picked":"Pandora\u0027s Box"},{"not_picked":["Astrolabe","Calling Bell"],"picked":"Empty Cage"}],"items_purged_floors":[54],"is_endless":false,"potions_floor_spawned":[1,6,7,14,16,20,24,25,30,31,33,36,37,38,44,45,48],"ascension_level":20,"potion_discard_per_floor":[[],[],[],[],[],[],[],[],[],[],[],[],[],[],[],[],[],[],[],[],[],[],[],[],[],[],[],[],[],[],[],[],[],[],[],[],[],[],[],[],[],[],[],[],[],[],[],[],[],[],[],[],[],[],[],[],[]]}