{"neow_bonuses_skipped_log":["THREE_CARDS","TEN_PERCENT_HP_BONUS","RANDOM_COLORLESS_2"],"neow_costs_skipped_log":["NONE","NONE","PERCENT_DAMAGE"],"gold_per_floor":[109,129,149,149,165,165,191,191,218,234,21,38,3,29,29,104,104,122,135,135,155,155,155,155,155,155,175,175,2,2,32,32,109,109,124,140,140,65,65,94,94,106,106,139,139,149,160,160,160,160],"floor_reached":50,"playtime":3162,"items_purged":["Strike_B"],"score":1210,"play_id":"9d73b3ee-e353-4b8d-b651-defb667cf3d2","local_time":"20220610153829","is_ascension_mode":true,"campfire_choices":[{"data":"Ball Lightning","floor":6,"key":"SMITH"},{"data":"Self Repair","floor":8,"key":"SMITH"},{"data":"Apotheosis","floor":15,"key":"SMITH"},{"floor":23,"key":"REST"},{"floor":25,"key":"REST"},{"data":"Defragment","floor":32,"key":"SMITH"},{"data":"Defragment","floor":41,"key":"SMITH"},{"floor":49,"key":"RECALL"}],"neow_cost":"NONE","seed_source_timestamp":2356600214987300,"shop_contents":[{"floor":11,"relics":["Happy Flower","Toy Ornithopter","Strange Spoon"],"cards":["Thunder Strike","Melter","Conserve Battery","Stack","Heatsinks","Flash of Steel"],"potions":["SteroidPotion","EssenceOfSteel","FearPotion"]},{"floor":29,"relics":["Ornamental Fan","PrismaticShard"],"cards":["Thunder Strike","Streamline","Conserve Battery","Steam Power","Capacitor","PanicButton","Sadistic Nature"],"potions":["Ancient Potion","DistilledChaos","Dexterity Potion"]},{"floor":38,"relics":["Juzu Bracelet","Lantern","Chemical X"],"cards":["Lockon","Rip and Tear","White Noise","Stack","Static Discharge","Panacea","Apotheosis"],"potions":["Swift Potion","DistilledChaos","DistilledChaos"]}],"circlet_count":0,"master_deck":["AscendersBane","Strike_B","Strike_B","Strike_B","Defend_B","Defend_B","Defend_B","Defend_B","Zap","Self Repair+1","White Noise","Ball Lightning+1","Rebound","Leap","Clumsy","Defragment+1","Apotheosis+1","Coolheaded","Defragment+1","Rainbow","Hologram","Chaos","Go for the Eyes+1","Reinforced Body","Reboot","Coolheaded","Dark Shackles","Storm","Force Field"],"potion_use_per_floor":[[],[],[],[],[],[],[],[],[],[],[],["Fruit Juice"],[],[],[],[],[],["Weak Potion"],["Explosive Potion"],[],[],[],[],[],[],[],[],[],[],[],["CultistPotion"],[],[],[],[],[],[],[],[],[],[],["AttackPotion"],[],[],[],[],[],[],[],[]],"relics":["Cursed Key","Oddly Smooth Stone","Pen Nib","Inserter","Nilry\u0027s Codex","Bag of Preparation","TungstenRod","Velvet Choker","Anchor","Art of War"],"potions_floor_usage":[12,18,19,31,42],"damage_taken":[{"damage":7,"enemies":"Small Slimes","floor":1,"turns":3},{"damage":12,"enemies":"Cultist","floor":2,"turns":5},{"damage":11,"enemies":"2 Louse","floor":3,"turns":4},{"damage":7,"enemies":"Looter","floor":5,"turns":3},{"damage":30,"enemies":"3 Sentries","floor":7,"turns":6},{"damage":1,"enemies":"2 Fungi Beasts","floor":10,"turns":4},{"damage":13,"enemies":"3 Louse","floor":12,"turns":5},{"damage":7,"enemies":"Lagavulin","floor":14,"turns":6},{"damage":0,"enemies":"Slime Boss","floor":16,"turns":8},{"damage":9,"enemies":"Shell Parasite","floor":18,"turns":6},{"damage":11,"enemies":"3 Byrds","floor":19,"turns":4},{"damage":30,"enemies":"Snake Plant","floor":21,"turns":5},{"damage":15,"enemies":"Chosen and Byrds","floor":27,"turns":6},{"damage":20,"enemies":"Gremlin Leader","floor":31,"turns":6},{"damage":16,"enemies":"Champ","floor":33,"turns":17},{"damage":6,"enemies":"Orb Walker","floor":35,"turns":6},{"damage":7,"enemies":"3 Darklings","floor":36,"turns":9},{"damage":15,"enemies":"Giant Head","floor":40,"turns":13},{"damage":23,"enemies":"4 Shapes","floor":42,"turns":6},{"damage":35,"enemies":"Nemesis","floor":44,"turns":7},{"damage":6,"enemies":"Jaw Worm Horde","floor":46,"turns":4},{"damage":37,"enemies":"3 Darklings","floor":47,"turns":5},{"damage":15,"enemies":"Awakened One","floor":50,"turns":4}],"seed_played":"-3703101873458355956","neow_bonus_log":{"cardsObtained":[],"cardsUpgraded":[],"cardsRemoved":[],"cardsTransformed":[],"relicsObtained":["Cursed Key"],"maxHpGained":0,"goldGained":0,"damageTaken":0,"goldLost":0,"maxHpLost":0},"potions_obtained":[{"floor":1,"key":"Weak Potion"},{"floor":2,"key":"ColorlessPotion"},{"floor":3,"key":"Fruit Juice"},{"floor":12,"key":"Explosive Potion"},{"floor":18,"key":"PotionOfCapacity"},{"floor":19,"key":"CultistPotion"},{"floor":31,"key":"Energy Potion"},{"floor":35,"key":"AttackPotion"},{"floor":42,"key":"Strength Potion"}],"is_trial":false,"path_per_floor":["M","M","M","?","M","R","E","R","T","M","$","M","?","E","R","B",null,"M","M","?","M","?","R","?","R","T","M","?","$","?","E","R","B",null,"M","M","?","$","?","E","R","M","T","E","?","M","M","T","R","B"],"character_chosen":"DEFECT","items_purchased":["Apotheosis","Bag of Preparation"],"campfire_rested":2,"item_purchase_floors":[11,29],"current_hp_per_floor":[57,52,48,48,48,48,25,25,25,34,34,26,45,48,48,58,72,73,72,51,31,9,33,33,57,57,52,52,52,52,32,32,26,67,71,81,77,77,68,73,73,60,60,35,35,39,12,12,12,0],"gold":160,"neow_bonus":"BOSS_RELIC","is_prod":false,"is_daily":false,"rewards_skipped":[{"floor":40,"relics":[],"potions":["DistilledChaos"]},{"floor":46,"relics":[],"potions":["Energy Potion"]}],"chose_seed":false,"campfire_upgraded":5,"win_rate":0,"floor_exit_playtime":[87,142,197,221,279,303,448,468,480,543,597,666,669,758,765,894,1003,1087,1173,1190,1284,1289,1301,1305,1309,1314,1457,1465,1502,1507,1665,1676,1991,2072,2173,2334,2338,2359,2376,2617,2629,2738,2740,2883,2887,2976,3060,3062,3068],"timestamp":1654889909,"blue_key_relic_skipped_log":{"floor":9,"relicID":"Boot"},"path_taken":["M","M","M","?","M","R","E","R","T","M","$","?","?","E","R","BOSS","M","M","?","M","?","R","?","R","T","M","?","$","?","E","R","BOSS","M","M","?","$","?","E","R","M","T","E","?","M","M","?","R","BOSS"],"build_version":"2022-03-07","purchased_purges":1,"victory":false,"max_hp_per_floor":[71,71,71,71,71,71,71,71,71,71,71,76,76,76,76,76,76,76,76,76,76,81,81,81,81,81,81,81,81,81,81,81,81,81,81,81,77,77,77,77,77,77,77,77,77,77,77,77,77,77],"relic_stats":{"Inserter":[47],"counters":[23,141],"Nilry\u0027s Codex":[12,24,20,27],"Pen Nib":[12],"Bag of Preparation":[20],"Art of War":[4],"Cursed Key":1,"obtain_stats":[{"Anchor":40,"Inserter":17,"Nilry\u0027s Codex":20,"Oddly Smooth Stone":7,"Velvet Choker":34,"Pen Nib":14,"Bag of Preparation":29,"Art of War":44,"Cracked Core":0,"Cursed Key":0,"TungstenRod":31},{"Anchor":18,"Inserter":9,"Nilry\u0027s Codex":11,"Oddly Smooth Stone":5,"Velvet Choker":15,"Pen Nib":8,"Bag of Preparation":13,"Art of War":20,"Cracked Core":0,"Cursed Key":0,"TungstenRod":14},{"Anchor":116,"Inserter":44,"Nilry\u0027s Codex":54,"Oddly Smooth Stone":21,"Velvet Choker":88,"Pen Nib":36,"Bag of Preparation":65,"Art of War":128,"Cracked Core":0,"Cursed Key":0,"TungstenRod":71}],"TungstenRod":19},"card_choices":[{"not_picked":["Turbo","BootSequence"],"picked":"Self Repair","floor":1},{"not_picked":["Steam","Force Field"],"picked":"White Noise","floor":2},{"not_picked":["Beam Cell","Skim"],"picked":"Ball Lightning","floor":3},{"not_picked":["Defragment","Beam Cell"],"picked":"Rebound","floor":5},{"not_picked":["Sweeping Beam","Rainbow"],"picked":"Leap","floor":7},{"not_picked":["Hologram","Cold Snap"],"picked":"Defragment","floor":10},{"not_picked":["Chaos","Streamline"],"picked":"Coolheaded","floor":12},{"not_picked":["Cold Snap","Steam"],"picked":"Defragment","floor":14},{"not_picked":["Machine Learning","Fission"],"picked":"Rainbow","floor":16},{"not_picked":["Streamline","Turbo"],"picked":"Hologram","floor":18},{"not_picked":["Double Energy","Gash"],"picked":"Chaos","floor":19},{"not_picked":["Blizzard","Barrage"],"picked":"Go for the Eyes+1","floor":21},{"not_picked":["Barrage","Static Discharge","Redo"],"picked":"SKIP","floor":27},{"not_picked":["Compile Driver","Stack"],"picked":"Reinforced Body","floor":31},{"not_picked":["Thunder Strike","Creative AI"],"picked":"Reboot","floor":33},{"not_picked":["Hello World","Sweeping Beam"],"picked":"Coolheaded","floor":35},{"not_picked":["Ball Lightning","Cold Snap","Rebound+1"],"picked":"SKIP","floor":36},{"not_picked":["PanicButton","Mayhem"],"picked":"Dark Shackles","floor":39},{"not_picked":["Finesse","Secret Weapon","Discovery"],"picked":"SKIP","floor":39},{"not_picked":["Jack Of All Trades","Trip","Enlightenment"],"picked":"SKIP","floor":39},{"not_picked":["Streamline+1","Scrape","Recycle"],"picked":"SKIP","floor":40},{"not_picked":["Streamline+1","Scrape","Recycle"],"picked":"SKIP","floor":40},{"not_picked":["Leap","Ball Lightning"],"picked":"Storm","floor":42},{"not_picked":["Tempest","Recycle","Capacitor"],"picked":"SKIP","floor":44},{"not_picked":["Beam Cell","Sweeping Beam"],"picked":"Force Field","floor":46}],"player_experience":7159249,"relics_obtained":[{"floor":7,"key":"Oddly Smooth Stone"},{"floor":14,"key":"Pen Nib"},{"floor":20,"key":"Nilry\u0027s Codex"},{"floor":31,"key":"TungstenRod"},{"floor":40,"key":"Anchor"},{"floor":44,"key":"Art of War"}],"event_choices":[{"cards_removed":["Dualcast"],"damage_healed":0,"gold_gain":0,"player_choice":"Offered Basic","damage_taken":0,"max_hp_gain":0,"max_hp_loss":0,"event_name":"Bonfire Elementals","floor":4,"gold_loss":0},{"damage_healed":19,"gold_gain":0,"player_choice":"Healed","damage_taken":0,"max_hp_gain":0,"max_hp_loss":0,"event_name":"The Cleric","floor":13,"gold_loss":35},{"damage_healed":0,"gold_gain":0,"player_choice":"Obtained Book","damage_taken":21,"max_hp_gain":0,"max_hp_loss":0,"event_name":"Cursed Tome","floor":20,"gold_loss":0},{"damage_healed":0,"gold_gain":0,"player_choice":"Shed Blood","damage_taken":27,"max_hp_gain":5,"max_hp_loss":0,"event_name":"Forgotten Altar","floor":22,"gold_loss":0},{"damage_healed":0,"gold_gain":0,"player_choice":"Ignored","damage_taken":0,"max_hp_gain":0,"max_hp_loss":0,"event_name":"The Mausoleum","floor":24,"gold_loss":0},{"damage_healed":0,"gold_gain":0,"player_choice":"Ignored","damage_taken":0,"max_hp_gain":0,"max_hp_loss":0,"event_name":"Vampires","floor":28,"gold_loss":0},{"damage_healed":0,"gold_gain":0,"player_choice":"Max HP","damage_taken":0,"max_hp_gain":0,"max_hp_loss":4,"event_name":"Winding Halls","floor":37,"gold_loss":0},{"damage_healed":0,"gold_gain":0,"player_choice":"Memory 3","damage_taken":10,"max_hp_gain":0,"max_hp_loss":0,"event_name":"SensoryStone","floor":39,"gold_loss":0},{"damage_healed":0,"gold_gain":0,"player_choice":"Ignored","damage_taken":0,"max_hp_gain":0,"max_hp_loss":0,"event_name":"Mysterious Sphere","floor":45,"gold_loss":0}],"is_beta":false,"boss_relics":[{"not_picked":["Snecko Eye","Coffee Dripper"],"picked":"Inserter"},{"not_picked":["Nuclear Battery","Sozu"],"picked":"Velvet Choker"}],"items_purged_floors":[38],"is_endless":false,"potions_floor_spawned":[1,2,3,12,18,19,31,35,40,42,46],"killed_by":"Awakened One","ascension_level":20,"potion_discard_per_floor":[[],[],["ColorlessPotion"],[],[],[],[],[],[],[],[],[],[],[],[],[],[],[],[],[],[],[],[],[],[],[],[],[],[],[],[],[],[],[],["Energy Potion"],[],[],[],[],[],[],[],[],[],[],[],[],[],[],[]]}