{"neow_bonuses_skipped_log":["UPGRADE_CARD","TEN_PERCENT_HP_BONUS","THREE_RARE_CARDS"],"neow_costs_skipped_log":["NONE","NONE","NO_GOLD"],"gold_per_floor":[118,118,118,137,7,7,33,33,33,60,73,93,106,139,139,213,213,230,244,256,20,33,33,60,70,70,70,70,70,70],"floor_reached":30,"playtime":2173,"items_purged":["Strike_B"],"score":540,"play_id":"af8e9d0b-4357-43c1-84f8-79062efea7b3","local_time":"20220610144507","is_ascension_mode":true,"campfire_choices":[{"floor":6,"key":"REST"},{"data":"Doom and Gloom","floor":8,"key":"SMITH"},{"data":"Darkness","floor":15,"key":"SMITH"},{"floor":23,"key":"REST"},{"floor":28,"key":"REST"}],"neow_cost":"NONE","seed_source_timestamp":2354389324610500,"shop_contents":[{"floor":5,"relics":["StrikeDummy","Nunchaku","DollysMirror"],"cards":["White Noise","Recycle","Heatsinks","Swift Strike","Mayhem"],"potions":["BlessingOfTheForge","Block Potion","Block Potion"]},{"floor":21,"relics":["Singing Bowl","Runic Capacitor"],"cards":["Sunder","Beam Cell","Consume","Steam Power","Capacitor","Enlightenment","Chrysalis"],"potions":["Dexterity Potion","PotionOfCapacity","SteroidPotion"]}],"circlet_count":0,"master_deck":["AscendersBane","Strike_B","Strike_B+1","Defend_B","Defend_B","Defend_B","Defend_B","Zap","Dualcast","Go for the Eyes+1","Streamline","Doom and Gloom+1","Melter","Doom and Gloom","Hologram","Darkness+1","Conserve Battery","Echo Form","Seek","Regret"],"potion_use_per_floor":[[],[],[],[],[],[],[],[],[],["ColorlessPotion"],[],[],[],[],[],[],[],[],[],[],[],[],[],["FearPotion"],[],[],[],[],[],["EssenceOfSteel","Explosive Potion"]],"relics":["Cursed Key","Letter Opener","Pocketwatch","Ornamental Fan","Philosopher\u0027s Stone","PreservedInsect","Kunai","Nilry\u0027s Codex"],"potions_floor_usage":[10,24,30,30],"damage_taken":[{"damage":10,"enemies":"2 Louse","floor":1,"turns":2},{"damage":4,"enemies":"Small Slimes","floor":4,"turns":3},{"damage":10,"enemies":"3 Sentries","floor":7,"turns":5},{"damage":3,"enemies":"Gremlin Nob","floor":10,"turns":3},{"damage":2,"enemies":"Jaw Worm","floor":11,"turns":2},{"damage":3,"enemies":"Lots of Slimes","floor":12,"turns":2},{"damage":0,"enemies":"3 Louse","floor":13,"turns":3},{"damage":10,"enemies":"3 Sentries","floor":14,"turns":5},{"damage":8,"enemies":"Hexaghost","floor":16,"turns":6},{"damage":0,"enemies":"Spheric Guardian","floor":18,"turns":1},{"damage":22,"enemies":"Chosen","floor":19,"turns":5},{"damage":0,"enemies":"3 Cultists","floor":20,"turns":3},{"damage":2,"enemies":"Snecko","floor":22,"turns":3},{"damage":32,"enemies":"Book of Stabbing","floor":24,"turns":5},{"damage":0,"enemies":"Sentry and Sphere","floor":25,"turns":2},{"damage":29,"enemies":"Shelled Parasite and Fungi","floor":30,"turns":2}],"seed_played":"-7516387060636680057","neow_bonus_log":{"cardsObtained":[],"cardsUpgraded":[],"cardsRemoved":[],"cardsTransformed":[],"relicsObtained":["Cursed Key"],"maxHpGained":0,"goldGained":0,"damageTaken":0,"goldLost":0,"maxHpLost":0},"potions_obtained":[{"floor":7,"key":"ColorlessPotion"},{"floor":11,"key":"FearPotion"},{"floor":14,"key":"SteroidPotion"},{"floor":16,"key":"Explosive Potion"},{"floor":25,"key":"EssenceOfSteel"}],"is_trial":false,"path_per_floor":["M","?","?","M","$","R","E","R","T","E","M","M","M","E","R","B",null,"M","M","M","$","M","R","E","M","T","?","R","?","M"],"character_chosen":"DEFECT","items_purchased":["Doom and Gloom","Melter","PreservedInsect"],"campfire_rested":3,"item_purchase_floors":[5,5,21],"current_hp_per_floor":[54,47,26,22,22,43,33,33,33,30,28,25,25,15,15,7,55,55,33,33,33,31,52,20,20,20,20,41,20,0],"gold":70,"neow_bonus":"BOSS_RELIC","is_prod":false,"is_daily":false,"rewards_skipped":[{"floor":20,"relics":[],"potions":["FocusPotion"]}],"chose_seed":false,"campfire_upgraded":2,"win_rate":0,"floor_exit_playtime":[300,313,327,378,422,432,553,560,591,670,765,841,894,1004,1012,1184,1298,1333,1429,1535,1579,1642,1647,2026,2061,2107,2111,2121,2133],"timestamp":1654886707,"blue_key_relic_skipped_log":{"floor":26,"relicID":"Peace Pipe"},"path_taken":["M","?","?","M","$","R","E","R","T","E","M","M","M","E","R","BOSS","M","M","M","$","M","R","E","M","T","?","R","?","M"],"build_version":"2022-03-07","purchased_purges":1,"victory":false,"max_hp_per_floor":[71,71,71,71,71,71,71,71,71,71,71,71,71,71,71,71,71,71,71,71,71,71,71,71,71,71,71,71,71,71],"relic_stats":{"counters":[16,52],"Ornamental Fan":[16],"Nilry\u0027s Codex":[0,1,1,0],"PreservedInsect":43,"Letter Opener":[64],"Kunai":[0],"Cursed Key":1,"obtain_stats":[{"Ornamental Fan":14,"Nilry\u0027s Codex":29,"Philosopher\u0027s Stone":17,"PreservedInsect":21,"Letter Opener":7,"Kunai":24,"Cracked Core":0,"Cursed Key":0,"Pocketwatch":10},{"Ornamental Fan":8,"Nilry\u0027s Codex":15,"Philosopher\u0027s Stone":9,"PreservedInsect":12,"Letter Opener":3,"Kunai":14,"Cracked Core":0,"Cursed Key":0,"Pocketwatch":4},{"Ornamental Fan":25,"Nilry\u0027s Codex":50,"Philosopher\u0027s Stone":31,"PreservedInsect":40,"Letter Opener":10,"Kunai":48,"Cracked Core":0,"Cursed Key":0,"Pocketwatch":13}],"Pocketwatch":[57]},"card_choices":[{"not_picked":["BootSequence","Redo"],"picked":"Go for the Eyes","floor":1},{"not_picked":["Hello World","Barrage"],"picked":"Streamline","floor":4},{"not_picked":["Stack","Heatsinks"],"picked":"Doom and Gloom","floor":7},{"not_picked":["Steam","Stack"],"picked":"Hologram","floor":10},{"not_picked":["Cold Snap","Turbo","Rebound"],"picked":"SKIP","floor":11},{"not_picked":["Cold Snap","Turbo","Rebound"],"picked":"SKIP","floor":11},{"not_picked":["Barrage","Force Field"],"picked":"Darkness","floor":12},{"not_picked":["Sweeping Beam","Amplify","Scrape"],"picked":"SKIP","floor":13},{"not_picked":["Cold Snap","Storm"],"picked":"Conserve Battery","floor":14},{"not_picked":["Machine Learning","Meteor Strike"],"picked":"Echo Form","floor":16},{"not_picked":["Lockon","Go for the Eyes","Capacitor"],"picked":"SKIP","floor":18},{"not_picked":["Sweeping Beam","Turbo","Static Discharge"],"picked":"SKIP","floor":19},{"not_picked":["Go for the Eyes","Redo","Conserve Battery"],"picked":"SKIP","floor":20},{"not_picked":["Cold Snap","Aggregate","Force Field"],"picked":"SKIP","floor":22},{"not_picked":["Cold Snap","Aggregate","Force Field"],"picked":"SKIP","floor":22},{"not_picked":["Conserve Battery","Heatsinks"],"picked":"Seek","floor":24},{"not_picked":["Darkness","Storm","Rebound"],"picked":"SKIP","floor":25}],"player_experience":7157076,"relics_obtained":[{"floor":7,"key":"Letter Opener"},{"floor":10,"key":"Pocketwatch"},{"floor":14,"key":"Ornamental Fan"},{"floor":24,"key":"Kunai"},{"floor":29,"key":"Nilry\u0027s Codex"}],"event_choices":[{"cards_removed":["Strike_B"],"damage_healed":0,"gold_gain":0,"player_choice":"Card Removal","damage_taken":7,"max_hp_gain":0,"max_hp_loss":0,"event_name":"Golden Wing","floor":2,"gold_loss":0},{"damage_healed":0,"gold_gain":0,"player_choice":"Entered Light","damage_taken":21,"max_hp_gain":0,"max_hp_loss":0,"event_name":"Shining Light","floor":3,"gold_loss":0,"cards_upgraded":["Strike_B","Go for the Eyes"]},{"damage_healed":0,"gold_gain":0,"player_choice":"Obtained Book","damage_taken":21,"max_hp_gain":0,"max_hp_loss":0,"event_name":"Cursed Tome","floor":29,"gold_loss":0}],"is_beta":false,"boss_relics":[{"not_picked":["Busted Crown","Ectoplasm"],"picked":"Philosopher\u0027s Stone"}],"items_purged_floors":[21],"is_endless":false,"potions_floor_spawned":[7,11,14,16,20,25],"killed_by":"Shelled Parasite and Fungi","ascension_level":20,"potion_discard_per_floor":[[],[],[],[],[],[],[],[],[],[],[],[],[],[],[],["SteroidPotion"],[],[],[],[],[],[],[],[],[],[],[],[],[],[]]}