{"neow_bonuses_skipped_log":["ONE_RANDOM_RARE_CARD","TEN_PERCENT_HP_BONUS","BOSS_RELIC"],"neow_costs_skipped_log":["NONE","NONE","NONE"],"gold_per_floor":[111,111,131,146,163,163,174,203,203,253,269,285,285,314,314,386,386,396,366,376,387,54,83,83,113,113,132,151,169,169,183,183,257,257,273,298,298,97,111,111,142,17,43,77,92,120,153,3,3,3,3,3,3,3,38,38],"floor_reached":56,"playtime":8251,"items_purged":["Dualcast","Strike_B","Strike_B","Strike_B+1"],"score":2388,"play_id":"8b86cfff-a2e9-45e2-b256-5fd0360f047b","local_time":"20220608143557","falling_options_log":["Hologram+1","Buffer+1"],"is_ascension_mode":true,"campfire_choices":[{"data":"Go for the Eyes","floor":6,"key":"SMITH"},{"data":"Buffer","floor":13,"key":"SMITH"},{"data":"Cold Snap","floor":15,"key":"SMITH"},{"floor":24,"key":"REST"},{"data":"White Noise","floor":30,"key":"SMITH"},{"data":"Reprogram","floor":32,"key":"SMITH"},{"floor":40,"key":"RECALL"},{"data":"Recycle","floor":49,"key":"SMITH"},{"data":"Madness","floor":53,"key":"SMITH"}],"neow_cost":"TEN_PERCENT_HP_LOSS","seed_source_timestamp":2174949469173800,"shop_contents":[{"floor":22,"relics":["Thread and Needle","PrismaticShard"],"cards":["Compile Driver","Go for the Eyes","Steam","Hologram","Loop","Metamorphosis"],"potions":["Dexterity Potion","SteroidPotion","FocusPotion"]},{"floor":38,"relics":["Molten Egg 2","Ancient Tea Set","Toolbox"],"cards":["Go for the Eyes","Beam Cell","Multi-Cast","Turbo","Loop","The Bomb"],"potions":["DistilledChaos","Dexterity Potion","Energy Potion"]},{"floor":42,"relics":["Eternal Feather","StoneCalendar","OrangePellets"],"cards":["Rip and Tear","Streamline","Consume","Amplify","Hello World","PanicButton","Secret Weapon"],"potions":["Dexterity Potion","DistilledChaos","LiquidBronze"]},{"floor":48,"relics":["Juzu Bracelet","Oddly Smooth Stone","Membership Card"],"cards":["Rebound","Compile Driver","Conserve Battery","Undo","Loop","Madness","The Bomb"],"potions":["Fruit Juice","SpeedPotion","LiquidMemories"]},{"floor":54,"relics":["Pocketwatch","Toy Ornithopter","Runic Capacitor"],"cards":["Doom and Gloom","Melter","Tempest","BootSequence","Self Repair","Deep Breath","Master of Strategy"],"potions":["FearPotion","PowerPotion","Fire Potion"]}],"circlet_count":0,"master_deck":["AscendersBane","Strike_B+1","Defend_B","Defend_B","Defend_B","Defend_B","Zap+1","Machine Learning","Go for the Eyes+1","Gash","Ball Lightning","Cold Snap+1","Buffer+1","Gash","White Noise+1","All For One","Conserve Battery","Hologram+1","Steam","Bandage Up","Electrodynamics","Conserve Battery+1","Go for the Eyes","Redo+1","Reprogram+1","Fission","Turbo+1","Steam","Madness+1","Recycle+1","Skim+1","Echo Form"],"potion_use_per_floor":[[],[],[],[],["ColorlessPotion"],[],[],[],[],[],[],[],[],[],[],[],[],["SteroidPotion"],["Fruit Juice"],[],[],[],["BlessingOfTheForge"],[],["LiquidMemories"],[],[],[],[],[],[],[],[],[],[],[],[],[],[],[],[],[],[],[],[],[],[],[],[],[],[],[],[],[],["Swift Potion"],["Ancient Potion"]],"relics":["Cracked Core","Mango","Akabeko","Bag of Marbles","Runic Pyramid","Bag of Preparation","InkBottle","CaptainsWheel","Meat on the Bone","Nuclear Battery","WingedGreaves","Dream Catcher","Orichalcum","Sundial","Whetstone","Pen Nib"],"potions_floor_usage":[5,18,19,23,25,55,56],"damage_taken":[{"damage":2,"enemies":"Jaw Worm","floor":1,"turns":3},{"damage":0,"enemies":"Cultist","floor":3,"turns":3},{"damage":0,"enemies":"2 Louse","floor":4,"turns":2},{"damage":16,"enemies":"Lots of Slimes","floor":5,"turns":4},{"damage":8,"enemies":"Blue Slaver","floor":7,"turns":3},{"damage":10,"enemies":"Lagavulin","floor":8,"turns":7},{"damage":6,"enemies":"Gremlin Gang","floor":11,"turns":5},{"damage":6,"enemies":"Looter","floor":12,"turns":3},{"damage":13,"enemies":"3 Sentries","floor":14,"turns":6},{"damage":0,"enemies":"Slime Boss","floor":16,"turns":6},{"damage":11,"enemies":"2 Thieves","floor":18,"turns":2},{"damage":13,"enemies":"3 Byrds","floor":20,"turns":4},{"damage":24,"enemies":"Shelled Parasite and Fungi","floor":21,"turns":5},{"damage":0,"enemies":"Book of Stabbing","floor":23,"turns":5},{"damage":14,"enemies":"Slavers","floor":25,"turns":6},{"damage":29,"enemies":"Snake Plant","floor":27,"turns":4},{"damage":0,"enemies":"3 Cultists","floor":28,"turns":3},{"damage":4,"enemies":"Centurion and Healer","floor":29,"turns":7},{"damage":3,"enemies":"Snake Plant","floor":31,"turns":4},{"damage":18,"enemies":"Automaton","floor":33,"turns":10},{"damage":0,"enemies":"3 Darklings","floor":35,"turns":4},{"damage":0,"enemies":"Mind Bloom Boss Battle","floor":36,"turns":7},{"damage":0,"enemies":"Orb Walker","floor":39,"turns":3},{"damage":0,"enemies":"Reptomancer","floor":41,"turns":6},{"damage":0,"enemies":"Giant Head","floor":44,"turns":4},{"damage":0,"enemies":"Spire Growth","floor":45,"turns":6},{"damage":0,"enemies":"Nemesis","floor":46,"turns":5},{"damage":0,"enemies":"Giant Head","floor":47,"turns":7},{"damage":3,"enemies":"Awakened One","floor":50,"turns":12},{"damage":5,"enemies":"Time Eater","floor":51,"turns":15},{"damage":63,"enemies":"Shield and Spear","floor":55,"turns":11},{"damage":48,"enemies":"The Heart","floor":56,"turns":6}],"seed_played":"3339499463549983726","neow_bonus_log":{"cardsObtained":[],"cardsUpgraded":[],"cardsRemoved":[],"cardsTransformed":[],"relicsObtained":[],"maxHpGained":0,"goldGained":0,"damageTaken":0,"goldLost":0,"maxHpLost":7},"potions_obtained":[{"floor":4,"key":"ColorlessPotion"},{"floor":5,"key":"SpeedPotion"},{"floor":8,"key":"FocusPotion"},{"floor":11,"key":"SteroidPotion"},{"floor":19,"key":"Fruit Juice"},{"floor":19,"key":"LiquidMemories"},{"floor":21,"key":"BlessingOfTheForge"},{"floor":28,"key":"Swift Potion"},{"floor":33,"key":"LiquidBronze"},{"floor":39,"key":"EssenceOfDarkness"},{"floor":47,"key":"Ancient Potion"}],"is_trial":false,"path_per_floor":["M","?","M","M","M","R","M","E","T","?","M","M","R","E","R","B",null,"M","?","M","M","$","E","R","E","T","M","M","M","R","M","R","B",null,"M","?","?","$","M","R","E","$","T","E","M","E","E","$","R","B","B",null,"R","$","E","B"],"character_chosen":"DEFECT","items_purchased":["Bag of Preparation","Bandage Up","Madness"],"campfire_rested":1,"item_purchase_floors":[22,22,38],"current_hp_per_floor":[62,62,62,62,46,46,38,42,42,42,36,30,30,17,17,17,63,52,57,44,20,20,24,48,38,38,25,41,53,53,50,50,48,74,78,82,82,82,83,83,83,83,83,83,83,83,83,83,83,83,82,83,83,83,40,0],"gold":38,"neow_bonus":"THREE_RARE_CARDS","is_prod":false,"is_daily":false,"rewards_skipped":[{"floor":12,"relics":[],"potions":["SmokeBomb"]},{"floor":20,"relics":[],"potions":["SteroidPotion"]},{"floor":36,"relics":[],"potions":["Strength Potion"]}],"chose_seed":false,"campfire_upgraded":7,"win_rate":0,"floor_exit_playtime":[301,341,426,494,928,969,1112,1285,1297,1396,1769,1849,1856,2120,2430,2566,2785,2931,2948,3125,3326,3443,3671,3677,3965,3982,4092,4167,4335,4373,4499,4505,4903,5089,5225,5414,5433,5519,5615,5631,5825,5875,5878,6065,6207,6349,6616,6662,6667,7016,7383,7400,7418,7441,7879],"timestamp":1654713357,"blue_key_relic_skipped_log":{"floor":43,"relicID":"Centennial Puzzle"},"path_taken":["M","?","M","?","M","R","M","E","T","?","M","?","R","E","R","BOSS","M","?","M","M","$","E","R","E","T","?","M","?","R","?","R","BOSS","M","?","?","$","M","R","E","$","T","E","M","E","E","$","R","BOSS","BOSS","R","$","E","BOSS"],"build_version":"2022-03-07","purchased_purges":4,"victory":false,"max_hp_per_floor":[64,64,64,64,64,64,64,78,78,78,78,78,78,78,78,78,78,78,83,83,83,83,83,83,83,83,83,83,83,83,83,83,83,83,83,83,83,83,83,83,83,83,83,83,83,83,83,83,83,83,83,83,83,83,83,83],"relic_stats":{"Dream Catcher":0,"counters":[32,178],"Sundial":[10],"WingedGreaves":3,"Pen Nib":[0],"Bag of Preparation":[38],"Whetstone":["Strike_B","Strike_B"],"Orichalcum":[18],"obtain_stats":[{"Mango":8,"Pen Nib":55,"Bag of Preparation":22,"Whetstone":47,"Orichalcum":44,"Akabeko":9,"Nuclear Battery":34,"CaptainsWheel":25,"Dream Catcher":41,"Sundial":46,"WingedGreaves":36,"Bag of Marbles":14,"Cracked Core":0,"InkBottle":23,"Runic Pyramid":17,"Meat on the Bone":26},{"Mango":6,"Pen Nib":31,"Bag of Preparation":13,"Whetstone":28,"Orichalcum":25,"Akabeko":6,"Nuclear Battery":20,"CaptainsWheel":15,"Dream Catcher":24,"Sundial":27,"WingedGreaves":22,"Bag of Marbles":9,"Cracked Core":0,"InkBottle":14,"Runic Pyramid":10,"Meat on the Bone":15},{"Mango":22,"Pen Nib":172,"Bag of Preparation":53,"Whetstone":134,"Orichalcum":116,"Akabeko":22,"Nuclear Battery":92,"CaptainsWheel":64,"Dream Catcher":112,"Sundial":127,"WingedGreaves":103,"Bag of Marbles":36,"Cracked Core":0,"InkBottle":58,"Runic Pyramid":42,"Meat on the Bone":64}],"InkBottle":[84],"Meat on the Bone":60},"card_choices":[{"not_picked":["Multi-Cast","Amplify"],"picked":"Machine Learning","floor":0},{"not_picked":["Stack","Redo"],"picked":"Go for the Eyes","floor":1},{"not_picked":["Redo","Skim"],"picked":"Rebound","floor":3},{"not_picked":["Barrage","Heatsinks"],"picked":"Gash","floor":4},{"not_picked":["Compile Driver","Hello World"],"picked":"Ball Lightning","floor":5},{"not_picked":["Capacitor","Stack"],"picked":"Cold Snap","floor":7},{"not_picked":["Leap","Gash"],"picked":"Buffer","floor":8},{"not_picked":["FTL","Conserve Battery"],"picked":"Gash","floor":11},{"not_picked":["Steam","Streamline","Auto Shields"],"picked":"SKIP","floor":12},{"not_picked":["Go for the Eyes","Force Field"],"picked":"White Noise","floor":14},{"not_picked":["Amplify","Multi-Cast"],"picked":"All For One","floor":16},{"not_picked":["Coolheaded","Reprogram"],"picked":"Conserve Battery","floor":18},{"not_picked":["Rebound","Defragment"],"picked":"Hologram+1","floor":20},{"not_picked":["Coolheaded","Barrage"],"picked":"Steam","floor":21},{"not_picked":["Double Energy","Self Repair"],"picked":"Electrodynamics","floor":23},{"not_picked":["Undo+1","Sweeping Beam"],"picked":"Conserve Battery+1","floor":25},{"not_picked":["Loop","Ball Lightning","Compile Driver"],"picked":"SKIP","floor":27},{"not_picked":["Steam","Leap"],"picked":"Go for the Eyes","floor":28},{"not_picked":["Reinforced Body","Compile Driver"],"picked":"Redo+1","floor":29},{"not_picked":["Stack+1","White Noise"],"picked":"Reprogram","floor":31},{"not_picked":["Thunder Strike","Machine Learning"],"picked":"Fission","floor":33},{"not_picked":["Cold Snap+1","Conserve Battery"],"picked":"Turbo+1","floor":35},{"not_picked":["Skim","Auto Shields"],"picked":"Steam","floor":36},{"not_picked":["Darkness+1","Rebound","Turbo"],"picked":"SKIP","floor":39},{"not_picked":["Stack+1","Steam Power","Redo"],"picked":"SKIP","floor":41},{"not_picked":["Buffer","Defragment"],"picked":"Recycle","floor":44},{"not_picked":["Cold Snap+1","Coolheaded","Lockon"],"picked":"SKIP","floor":45},{"not_picked":["Storm","Beam Cell"],"picked":"Skim+1","floor":46},{"not_picked":["Redo","Lockon"],"picked":"Echo Form","floor":47},{"not_picked":["Ball Lightning+1","Chill+1","Double Energy"],"picked":"SKIP","floor":55}],"player_experience":7106331,"relics_obtained":[{"floor":8,"key":"Mango"},{"floor":9,"key":"Akabeko"},{"floor":14,"key":"Bag of Marbles"},{"floor":23,"key":"InkBottle"},{"floor":25,"key":"CaptainsWheel"},{"floor":26,"key":"Meat on the Bone"},{"floor":36,"key":"WingedGreaves"},{"floor":41,"key":"Dream Catcher"},{"floor":44,"key":"Orichalcum"},{"floor":46,"key":"Sundial"},{"floor":47,"key":"Whetstone"},{"floor":55,"key":"Pen Nib"}],"event_choices":[{"damage_healed":0,"gold_gain":0,"player_choice":"Upgraded","damage_taken":0,"max_hp_gain":0,"max_hp_loss":0,"event_name":"Upgrade Shrine","floor":2,"gold_loss":0,"cards_upgraded":["Zap"]},{"damage_healed":0,"gold_gain":50,"player_choice":"Pray","damage_taken":0,"max_hp_gain":0,"max_hp_loss":0,"event_name":"Golden Shrine","floor":10,"gold_loss":0},{"damage_healed":0,"gold_gain":0,"player_choice":"Bought 2 Potions","damage_taken":0,"max_hp_gain":0,"max_hp_loss":0,"event_name":"The Woman in Blue","floor":19,"gold_loss":0},{"damage_healed":0,"gold_gain":0,"player_choice":"Fight","damage_taken":0,"max_hp_gain":0,"max_hp_loss":0,"event_name":"MindBloom","floor":36,"gold_loss":0},{"cards_removed":["Rebound"],"damage_healed":0,"gold_gain":0,"player_choice":"Removed Attack","damage_taken":0,"max_hp_gain":0,"max_hp_loss":0,"event_name":"Falling","floor":37,"gold_loss":0}],"is_beta":false,"boss_relics":[{"not_picked":["Snecko Eye","Black Star"],"picked":"Runic Pyramid"},{"not_picked":["Runic Dome","Velvet Choker"],"picked":"Nuclear Battery"}],"items_purged_floors":[22,38,42,48],"is_endless":false,"potions_floor_spawned":[4,5,8,11,12,20,21,28,33,36,39,47],"killed_by":"The Heart","ascension_level":20,"potion_discard_per_floor":[[],[],[],[],[],[],[],[],[],[],["SpeedPotion"],[],[],[],[],[],[],[],[],[],["FocusPotion"],[],[],[],[],[],[],[],[],[],[],[],[],[],[],[],[],[],["LiquidBronze"],[],[],[],[],[],[],[],["EssenceOfDarkness"],[],[],[],[],[],[],[],[],[]]}