{"neow_bonuses_skipped_log":["RANDOM_COLORLESS","TEN_PERCENT_HP_BONUS","BOSS_RELIC"],"neow_costs_skipped_log":["NONE","NONE","NONE"],"gold_per_floor":[11,11,23,35,50,50,83,83,83,83,8,33,52,66,66,140,140,154,124,141,61,61,61,91,141,141,158,158,175,21,21],"floor_reached":31,"playtime":1568,"items_purged":["Strike_B","Strike_B"],"score":534,"play_id":"6613cfcf-1040-4ecd-9c35-da1cf11ba94f","local_time":"20220601163418","is_ascension_mode":true,"campfire_choices":[{"data":"Streamline","floor":6,"key":"SMITH"},{"data":"Beam Cell","floor":8,"key":"SMITH"},{"floor":10,"key":"REST"},{"data":"Reprogram","floor":15,"key":"SMITH"},{"data":"Seek","floor":23,"key":"SMITH"},{"data":"Hologram","floor":28,"key":"SMITH"}],"neow_cost":"NO_GOLD","seed_source_timestamp":1583944601476600,"shop_contents":[{"floor":11,"relics":["Bag of Preparation","Regal Pillow","Sling"],"cards":["Melter","Gash","Steam","Steam Power","Heatsinks","Swift Strike","Apotheosis"],"potions":["Strength Potion","BlessingOfTheForge","Strength Potion"]},{"floor":21,"relics":["Gremlin Horn","Blue Candle","Membership Card"],"cards":["Go for the Eyes","Doom and Gloom","Force Field","Loop","Trip","Master of Strategy"],"potions":["DistilledChaos","Fire Potion","GamblersBrew"]},{"floor":30,"relics":["Pear","Symbiotic Virus","Toolbox"],"cards":["Thunder Strike","Meteor Strike","Leap","Hello World","Purity","Thinking Ahead"],"potions":["Fire Potion","SkillPotion","PotionOfCapacity"]}],"circlet_count":0,"master_deck":["AscendersBane","Strike_B","Defend_B","Defend_B","Defend_B","Defend_B","Zap","Dualcast","Beam Cell+1","Double Energy","Conserve Battery","Streamline+1","Cold Snap","Rebound","Hologram+1","Reprogram+1","Seek+1","FTL","Seek","BootSequence","Hologram"],"potion_use_per_floor":[[],[],[],[],[],[],["GamblersBrew"],[],[],[],[],["Dexterity Potion"],[],[],[],["Strength Potion","ColorlessPotion"],[],[],["AttackPotion"],[],[],[],[],["Energy Potion","AttackPotion"],[],[],[],[],[],[],["FearPotion","Block Potion"]],"relics":["Cracked Core","Ginger","Bottled Lightning","White Beast Statue","Art of War","Cursed Key","Oddly Smooth Stone"],"potions_floor_usage":[7,12,16,16,19,24,24,31,31],"damage_taken":[{"damage":2,"enemies":"Jaw Worm","floor":1,"turns":3},{"damage":0,"enemies":"Cultist","floor":3,"turns":3},{"damage":2,"enemies":"2 Louse","floor":4,"turns":3},{"damage":9,"enemies":"Large Slime","floor":5,"turns":4},{"damage":25,"enemies":"Gremlin Nob","floor":7,"turns":4},{"damage":4,"enemies":"Lagavulin","floor":12,"turns":7},{"damage":10,"enemies":"Exordium Wildlife","floor":13,"turns":4},{"damage":0,"enemies":"2 Fungi Beasts","floor":14,"turns":3},{"damage":28,"enemies":"Slime Boss","floor":16,"turns":9},{"damage":16,"enemies":"3 Byrds","floor":18,"turns":5},{"damage":11,"enemies":"2 Thieves","floor":19,"turns":4},{"damage":2,"enemies":"Snake Plant","floor":20,"turns":4},{"damage":7,"enemies":"Slavers","floor":24,"turns":4},{"damage":0,"enemies":"Sentry and Sphere","floor":27,"turns":5},{"damage":0,"enemies":"Centurion and Healer","floor":29,"turns":4},{"damage":58,"enemies":"Chosen and Byrds","floor":31,"turns":5}],"seed_played":"4173325944250592183","neow_bonus_log":{"cardsObtained":[],"cardsUpgraded":[],"cardsRemoved":[],"cardsTransformed":[],"relicsObtained":["Ginger"],"maxHpGained":0,"goldGained":0,"damageTaken":0,"goldLost":99,"maxHpLost":0},"potions_obtained":[{"floor":1,"key":"GamblersBrew"},{"floor":4,"key":"Dexterity Potion"},{"floor":12,"key":"Strength Potion"},{"floor":13,"key":"Ancient Potion"},{"floor":14,"key":"ColorlessPotion"},{"floor":16,"key":"AttackPotion"},{"floor":18,"key":"Energy Potion"},{"floor":19,"key":"AttackPotion"},{"floor":24,"key":"Weak Potion"},{"floor":27,"key":"Block Potion"},{"floor":29,"key":"FearPotion"}],"is_trial":false,"path_per_floor":["M","?","M","M","M","R","E","R","T","R","$","E","M","M","R","B",null,"M","M","M","$","?","R","E","?","T","M","R","M","$","M"],"character_chosen":"DEFECT","items_purchased":["Seek","Hologram"],"campfire_rested":1,"item_purchase_floors":[21,30],"current_hp_per_floor":[62,62,62,60,51,51,26,26,26,47,47,43,33,33,33,5,55,39,28,26,26,40,40,33,33,33,33,33,33,33,0],"gold":21,"neow_bonus":"ONE_RARE_RELIC","is_prod":false,"is_daily":false,"rewards_skipped":[{"floor":20,"relics":[],"potions":["BlessingOfTheForge"]}],"chose_seed":false,"campfire_upgraded":5,"win_rate":0,"floor_exit_playtime":[58,65,105,151,197,205,282,295,299,310,325,396,438,484,492,681,774,856,932,995,1011,1018,1026,1217,1220,1222,1307,1326,1442,1448],"timestamp":1654115658,"path_taken":["M","?","M","M","?","R","E","R","T","R","$","E","M","M","R","BOSS","M","M","M","$","?","R","E","?","T","M","R","M","$","M"],"build_version":"2022-03-07","purchased_purges":2,"victory":false,"max_hp_per_floor":[71,71,71,71,71,71,71,71,71,71,71,71,71,71,71,71,71,71,71,71,71,71,71,71,71,71,71,71,71,71,71],"relic_stats":{"counters":[16,71],"Art of War":[5],"Ginger":[6],"Bottled Lightning":"Conserve Battery","Cursed Key":0,"obtain_stats":[{"Oddly Smooth Stone":24,"Art of War":12,"Ginger":0,"Bottled Lightning":7,"Cracked Core":0,"Cursed Key":17,"White Beast Statue":9},{"Oddly Smooth Stone":13,"Art of War":6,"Ginger":0,"Bottled Lightning":5,"Cracked Core":0,"Cursed Key":9,"White Beast Statue":5},{"Oddly Smooth Stone":57,"Art of War":24,"Ginger":0,"Bottled Lightning":17,"Cracked Core":0,"Cursed Key":40,"White Beast Statue":17}],"White Beast Statue":[0.002640000000000001,0.0,0.11179200000000004,0.0,0.45788800000000024,0.0,0.3700800000000002,0.0,0.05688000000000003,0.0,7.200000000000003E-4,4.6310720000000005]},"card_choices":[{"not_picked":["Aggregate","Auto Shields"],"picked":"Beam Cell","floor":1},{"not_picked":["Turbo","Steam Power"],"picked":"Conserve Battery","floor":3},{"not_picked":["Barrage","Leap"],"picked":"Streamline","floor":4},{"not_picked":["Barrage","Coolheaded"],"picked":"Cold Snap","floor":5},{"not_picked":["Lockon","Turbo","Streamline"],"picked":"SKIP","floor":7},{"not_picked":["Aggregate","Cold Snap"],"picked":"Rebound","floor":12},{"not_picked":["Lockon","Heatsinks"],"picked":"Hologram","floor":13},{"not_picked":["Aggregate","Darkness"],"picked":"Reprogram","floor":14},{"not_picked":["Rainbow","Core Surge"],"picked":"Seek","floor":16},{"not_picked":["Streamline","Cold Snap"],"picked":"FTL","floor":18},{"not_picked":["Compile Driver","Barrage"],"picked":"BootSequence","floor":24},{"not_picked":["BootSequence","Defragment","Capacitor"],"picked":"SKIP","floor":27},{"not_picked":["Consume","Defragment+1","Chaos"],"picked":"SKIP","floor":29}],"player_experience":7057053,"relics_obtained":[{"floor":7,"key":"Bottled Lightning"},{"floor":9,"key":"White Beast Statue"},{"floor":12,"key":"Art of War"},{"floor":24,"key":"Oddly Smooth Stone"}],"event_choices":[{"damage_healed":0,"gold_gain":0,"cards_transformed":["Strike_B"],"player_choice":"Transformed","damage_taken":0,"max_hp_gain":0,"max_hp_loss":0,"event_name":"Transmorgrifier","floor":2,"gold_loss":0,"cards_obtained":["Double Energy"]},{"damage_healed":14,"gold_gain":0,"player_choice":"Heal","damage_taken":0,"max_hp_gain":0,"max_hp_loss":0,"event_name":"The Library","floor":22,"gold_loss":0},{"damage_healed":0,"gold_gain":50,"player_choice":"Stole From Cult","damage_taken":0,"max_hp_gain":0,"max_hp_loss":0,"event_name":"Nest","floor":25,"gold_loss":0}],"is_beta":false,"boss_relics":[{"not_picked":["Empty Cage","Tiny House"],"picked":"Cursed Key"}],"items_purged_floors":[11,30],"is_endless":false,"potions_floor_spawned":[1,4,12,13,14,16,18,19,20,24,27,29],"killed_by":"Chosen and Byrds","ascension_level":20,"potion_discard_per_floor":[[],[],[],[],[],[],[],[],[],[],[],[],[],["Ancient Potion"],[],[],[],[],[],[],[],[],[],[],[],[],[],[],["Weak Potion"],[],[]]}