{"neow_bonuses_skipped_log":["THREE_SMALL_POTIONS","THREE_RARE_CARDS","BOSS_RELIC"],"neow_costs_skipped_log":["NONE","CURSE","NONE"],"gold_per_floor":[119,135,151,0,0,0,29,29,80,114,114,148,166,181,181,254,254,272,322,335,354,373,373,405,422,447,447,476,526,536,562,562,639,639,659,671,684,701,701,726,726,325,325,358,368,387,402,429,429,429,429,429,429,108,138,138],"floor_reached":57,"playtime":5093,"items_purged":["Zap+1","Strike_B"],"score":3027,"play_id":"4b74c514-3e52-415e-bbb4-f2b170ad3a6b","local_time":"20220609163411","is_ascension_mode":true,"campfire_choices":[{"data":"Sunder","floor":6,"key":"SMITH"},{"data":"Sunder","floor":8,"key":"SMITH"},{"data":"Darkness","floor":15,"key":"SMITH"},{"data":"Sunder","floor":23,"key":"SMITH"},{"data":"Hologram","floor":27,"key":"SMITH"},{"data":"Sunder","floor":32,"key":"SMITH"},{"floor":41,"key":"RECALL"},{"data":"Hologram","floor":49,"key":"SMITH"},{"floor":53,"key":"REST"}],"neow_cost":"NONE","seed_source_timestamp":2271584955604200,"shop_contents":[{"floor":4,"relics":["Pocketwatch","Anchor","Orrery"],"cards":["Sunder","Double Energy","Heatsinks","Madness","Secret Weapon"],"potions":["SmokeBomb","SkillPotion"]},{"floor":42,"relics":["Omamori","HandDrill"],"cards":["Melter","Gash","Reboot","Coolheaded","Hello World","PanicButton","Panache"],"potions":["Explosive Potion","Swift Potion","CultistPotion"]},{"floor":54,"relics":["DataDisk","Turnip"],"cards":["Rip and Tear","White Noise","Stack","Static Discharge","Forethought","Panache"],"potions":["Weak Potion","LiquidMemories","Block Potion"]}],"circlet_count":0,"master_deck":["AscendersBane","Strike_B","Defend_B","Defend_B","Defend_B","Defend_B","Dualcast","Compile Driver","Sunder+1","Sunder+1","Auto Shields","Cold Snap","BootSequence+1","Darkness+1","Hologram","Self Repair","Echo Form","White Noise","Sunder+1","Beam Cell+1","Hologram+1","Sunder+1","Echo Form","Hologram+1","Undo","Recycle","Go for the Eyes"],"potion_use_per_floor":[[],[],[],[],[],[],["PowerPotion"],[],[],["BlessingOfTheForge"],[],["Weak Potion"],[],[],[],[],[],["SteroidPotion"],[],[],[],[],[],[],[],[],[],["AttackPotion","BlessingOfTheForge"],[],[],[],[],[],[],[],[],[],[],[],[],[],[],[],[],[],[],[],[],[],[],[],[],[],[],[],["Ancient Potion","SpeedPotion","EntropicBrew","PotionOfCapacity","SkillPotion","SteroidPotion"],[]],"relics":["Cracked Core","Potion Belt","War Paint","Bird Faced Urn","Lizard Tail","Snecko Eye","Incense Burner","Bag of Preparation","Pen Nib","Centennial Puzzle","Nuclear Battery","Regal Pillow","Mango","PreservedInsect","Thread and Needle","Frozen Eye","Pantograph"],"potions_floor_usage":[7,10,12,18,28,28,56,56,56,56,56,56],"damage_taken":[{"damage":7,"enemies":"Jaw Worm","floor":1,"turns":3},{"damage":5,"enemies":"2 Louse","floor":2,"turns":4},{"damage":1,"enemies":"Cultist","floor":3,"turns":4},{"damage":0,"enemies":"3 Sentries","floor":7,"turns":3},{"damage":8,"enemies":"Gremlin Nob","floor":10,"turns":3},{"damage":3,"enemies":"Lagavulin","floor":12,"turns":6},{"damage":0,"enemies":"Looter","floor":13,"turns":2},{"damage":1,"enemies":"Large Slime","floor":14,"turns":5},{"damage":15,"enemies":"Hexaghost","floor":16,"turns":9},{"damage":5,"enemies":"3 Byrds","floor":18,"turns":5},{"damage":11,"enemies":"Shell Parasite","floor":20,"turns":3},{"damage":15,"enemies":"Sentry and Sphere","floor":21,"turns":4},{"damage":10,"enemies":"Snecko","floor":22,"turns":7},{"damage":0,"enemies":"Gremlin Leader","floor":24,"turns":3},{"damage":22,"enemies":"Snake Plant","floor":25,"turns":4},{"damage":21,"enemies":"Slavers","floor":28,"turns":5},{"damage":9,"enemies":"Centurion and Healer","floor":30,"turns":7},{"damage":5,"enemies":"Gremlin Leader","floor":31,"turns":4},{"damage":21,"enemies":"Champ","floor":33,"turns":7},{"damage":2,"enemies":"3 Shapes","floor":35,"turns":3},{"damage":0,"enemies":"Orb Walker","floor":36,"turns":1},{"damage":9,"enemies":"4 Shapes","floor":37,"turns":5},{"damage":7,"enemies":"Jaw Worm Horde","floor":38,"turns":3},{"damage":0,"enemies":"Giant Head","floor":40,"turns":4},{"damage":25,"enemies":"Reptomancer","floor":44,"turns":5},{"damage":23,"enemies":"Maw","floor":45,"turns":5},{"damage":3,"enemies":"Writhing Mass","floor":46,"turns":3},{"damage":4,"enemies":"Jaw Worm Horde","floor":47,"turns":2},{"damage":3,"enemies":"Nemesis","floor":48,"turns":3},{"damage":64,"enemies":"Awakened One","floor":50,"turns":8},{"damage":33,"enemies":"Donu and Deca","floor":51,"turns":7},{"damage":28,"enemies":"Shield and Spear","floor":55,"turns":5},{"damage":74,"enemies":"The Heart","floor":56,"turns":11}],"seed_played":"-1145034357511006705","neow_bonus_log":{"cardsObtained":[],"cardsUpgraded":[],"cardsRemoved":["Strike_B"],"cardsTransformed":[],"relicsObtained":[],"maxHpGained":0,"goldGained":0,"damageTaken":0,"goldLost":0,"maxHpLost":0},"potions_obtained":[{"floor":2,"key":"PowerPotion"},{"floor":10,"key":"Weak Potion"},{"floor":12,"key":"BlessingOfTheForge"},{"floor":13,"key":"SpeedPotion"},{"floor":14,"key":"SteroidPotion"},{"floor":18,"key":"BlessingOfTheForge"},{"floor":21,"key":"AttackPotion"},{"floor":25,"key":"Ancient Potion"},{"floor":28,"key":"EntropicBrew"},{"floor":33,"key":"PotionOfCapacity"},{"floor":35,"key":"Weak Potion"},{"floor":48,"key":"FairyPotion"}],"is_trial":false,"path_per_floor":["M","M","M","$","?","R","E","R","T","E","?","E","M","M","R","B",null,"M","?","M","M","M","R","E","M","T","R","E","?","M","E","R","B",null,"M","M","M","M","?","E","R","$","T","E","M","M","M","E","R","B","B",null,"R","$","E","B",null],"character_chosen":"DEFECT","items_purchased":["Auto Shields","BlessingOfTheForge","Cold Snap","Mango","Go for the Eyes","Frozen Eye"],"campfire_rested":1,"item_purchase_floors":[4,4,4,42,54,54],"current_hp_per_floor":[57,52,51,51,51,51,51,51,51,43,36,33,33,41,41,35,62,68,68,67,71,71,71,71,67,67,67,68,61,65,71,71,57,68,71,71,71,71,67,67,67,81,81,74,73,81,81,81,81,37,19,66,81,81,77,26],"gold":138,"neow_bonus":"REMOVE_CARD","is_prod":false,"is_daily":false,"rewards_skipped":[{"floor":36,"relics":[],"potions":["Explosive Potion"]},{"floor":40,"relics":[],"potions":["BlessingOfTheForge"]},{"floor":47,"relics":[],"potions":["SteroidPotion"]},{"floor":55,"relics":[],"potions":["Fire Potion"]}],"chose_seed":false,"campfire_upgraded":7,"win_rate":0,"floor_exit_playtime":[152,207,298,362,444,450,569,576,590,661,674,800,832,914,921,1091,1216,1330,1351,1442,1517,1655,1662,1724,1829,1836,1845,2065,2096,2186,2276,2341,2635,2734,2806,2833,2901,2994,2998,3097,3102,3156,3161,3289,3367,3445,3501,3579,3589,3887,4161,4175,4198,4317,4511,5093],"timestamp":1654806851,"blue_key_relic_skipped_log":{"floor":43,"relicID":"Toy Ornithopter"},"path_taken":["M","M","M","$","?","R","E","R","T","E","?","E","M","M","R","BOSS","M","?","M","M","M","R","E","M","T","R","E","?","M","E","R","BOSS","M","M","?","M","?","E","R","$","T","E","M","M","M","E","R","BOSS","BOSS","R","$","E","BOSS"],"build_version":"2022-03-07","purchased_purges":2,"victory":true,"max_hp_per_floor":[71,71,71,71,71,71,71,71,71,71,71,71,71,71,71,71,71,71,71,71,71,71,71,71,71,71,71,71,71,71,71,71,71,71,71,71,71,71,67,67,67,81,81,81,81,81,81,81,81,81,81,81,81,81,81,81],"relic_stats":{"Regal Pillow":0,"counters":[33,153],"Pen Nib":[18],"PreservedInsect":127,"Bag of Preparation":[36],"War Paint":["BootSequence","Zap"],"Frozen Eye":59.833424,"Lizard Tail":0,"Centennial Puzzle":[38],"Bird Faced Urn":[135],"Pantograph":4,"Snecko Eye":[212,196,220,211,-154],"obtain_stats":[{"Potion Belt":7,"Regal Pillow":40,"Mango":42,"Thread and Needle":48,"Pen Nib":28,"PreservedInsect":44,"Incense Burner":24,"Bag of Preparation":26,"War Paint":9,"Nuclear Battery":34,"Frozen Eye":54,"Lizard Tail":12,"Centennial Puzzle":31,"Bird Faced Urn":10,"Pantograph":55,"Snecko Eye":17,"Cracked Core":0},{"Potion Belt":4,"Regal Pillow":24,"Mango":24,"Thread and Needle":29,"Pen Nib":16,"PreservedInsect":25,"Incense Burner":14,"Bag of Preparation":15,"War Paint":4,"Nuclear Battery":19,"Frozen Eye":31,"Lizard Tail":6,"Centennial Puzzle":18,"Bird Faced Urn":5,"Pantograph":32,"Snecko Eye":9,"Cracked Core":0},{"Potion Belt":14,"Regal Pillow":104,"Mango":104,"Thread and Needle":122,"Pen Nib":70,"PreservedInsect":109,"Incense Burner":61,"Bag of Preparation":65,"War Paint":14,"Nuclear Battery":88,"Frozen Eye":137,"Lizard Tail":23,"Centennial Puzzle":81,"Bird Faced Urn":17,"Pantograph":142,"Snecko Eye":39,"Cracked Core":0}]},"card_choices":[{"not_picked":["Conserve Battery","Gash"],"picked":"Compile Driver","floor":1},{"not_picked":["Tempest","Compile Driver"],"picked":"Sunder","floor":2},{"not_picked":["Rip and Tear","Recycle"],"picked":"Sunder","floor":3},{"not_picked":["Machine Learning","Ball Lightning"],"picked":"BootSequence","floor":7},{"not_picked":["Streamline","Melter"],"picked":"Darkness","floor":10},{"not_picked":["Sweeping Beam","Streamline"],"picked":"Hologram","floor":12},{"not_picked":["Steam Power","Rebound"],"picked":"Self Repair","floor":13},{"not_picked":["Self Repair","Gash","Reprogram"],"picked":"SKIP","floor":14},{"not_picked":["Electrodynamics","Reboot"],"picked":"Echo Form","floor":16},{"not_picked":["Ball Lightning","Cold Snap"],"picked":"White Noise","floor":18},{"not_picked":["White Noise","Sweeping Beam","Self Repair"],"picked":"SKIP","floor":20},{"not_picked":["Beam Cell","Turbo"],"picked":"Sunder","floor":21},{"not_picked":["Redo","Doom and Gloom+1"],"picked":"Beam Cell+1","floor":22},{"not_picked":["Rebound","Streamline"],"picked":"Hologram","floor":24},{"not_picked":["Barrage","Fusion+1","Sweeping Beam"],"picked":"SKIP","floor":25},{"not_picked":["Barrage","Fusion+1","Sweeping Beam"],"picked":"SKIP","floor":25},{"not_picked":["Coolheaded","Scrape","Conserve Battery"],"picked":"SKIP","floor":28},{"not_picked":["Conserve Battery","Core Surge"],"picked":"Sunder","floor":31},{"not_picked":["All For One","Creative AI"],"picked":"Echo Form","floor":33},{"not_picked":["Doom and Gloom","Scrape+1","Aggregate"],"picked":"SKIP","floor":35},{"not_picked":["Hello World","Doom and Gloom+1","Cold Snap"],"picked":"SKIP","floor":40},{"not_picked":["Hello World","Doom and Gloom+1","Cold Snap"],"picked":"SKIP","floor":40},{"not_picked":["Compile Driver","Gash","Darkness+1"],"picked":"SKIP","floor":44},{"not_picked":["Melter+1","Steam"],"picked":"Hologram","floor":45},{"not_picked":["Turbo","Aggregate"],"picked":"Undo","floor":46},{"not_picked":["Stack","Chaos"],"picked":"Recycle","floor":48},{"not_picked":["Static Discharge","BootSequence","Biased Cognition"],"picked":"SKIP","floor":55}],"player_experience":7136566,"relics_obtained":[{"floor":7,"key":"Potion Belt"},{"floor":9,"key":"War Paint"},{"floor":10,"key":"Bird Faced Urn"},{"floor":12,"key":"Lizard Tail"},{"floor":24,"key":"Incense Burner"},{"floor":26,"key":"Bag of Preparation"},{"floor":28,"key":"Pen Nib"},{"floor":31,"key":"Centennial Puzzle"},{"floor":40,"key":"Regal Pillow"},{"floor":44,"key":"PreservedInsect"},{"floor":48,"key":"Thread and Needle"},{"floor":55,"key":"Pantograph"}],"event_choices":[{"damage_healed":0,"gold_gain":0,"player_choice":"Fled","damage_taken":0,"max_hp_gain":0,"max_hp_loss":0,"event_name":"Scrap Ooze","floor":5,"gold_loss":0},{"cards_removed":["Strike_B"],"damage_healed":0,"gold_gain":0,"player_choice":"Card Removal","damage_taken":7,"max_hp_gain":0,"max_hp_loss":0,"event_name":"Golden Wing","floor":11,"gold_loss":0},{"damage_healed":0,"gold_gain":50,"player_choice":"Stole From Cult","damage_taken":0,"max_hp_gain":0,"max_hp_loss":0,"event_name":"Nest","floor":19,"gold_loss":0},{"damage_healed":0,"gold_gain":50,"player_choice":"Touch","damage_taken":7,"max_hp_gain":0,"max_hp_loss":0,"event_name":"FaceTrader","floor":29,"gold_loss":0},{"damage_healed":0,"gold_gain":0,"player_choice":"Max HP","damage_taken":0,"max_hp_gain":0,"max_hp_loss":4,"event_name":"Winding Halls","floor":39,"gold_loss":0}],"is_beta":false,"boss_relics":[{"not_picked":["Black Star","Fusion Hammer"],"picked":"Snecko Eye"},{"not_picked":["Philosopher\u0027s Stone","Runic Pyramid"],"picked":"Nuclear Battery"}],"items_purged_floors":[42,54],"is_endless":false,"potions_floor_spawned":[2,10,12,13,14,18,21,25,28,33,35,36,40,47,48,55],"ascension_level":20,"potion_discard_per_floor":[[],[],[],[],[],[],[],[],[],[],[],[],[],[],[],[],[],[],[],[],[],[],[],[],["BlessingOfTheForge"],[],[],[],[],[],[],[],[],[],["PotionOfCapacity"],[],[],[],[],[],[],[],[],[],[],[],[],["Weak Potion"],[],[],[],[],[],[],[],[],[]]}