{"neow_bonuses_skipped_log":["TRANSFORM_CARD","TRANSFORM_TWO_CARDS","BOSS_RELIC"],"neow_costs_skipped_log":["NONE","CURSE","NONE"],"gold_per_floor":[211,225,243,243,254,18,18,38,38,72,72,72,100,119,119,196,196,210,228,247,247,92,92,92,92,92,108,140,140,168,43,43,121,121,139,155,168,168,138,138,166,186,211,211],"floor_reached":44,"playtime":3795,"items_purged":["Strike_B","Defend_B","Rip and Tear"],"score":1176,"play_id":"dac6d00b-b5d2-40f9-be24-e18648dd35ef","local_time":"20220616132044","falling_options_log":["Sunder+1","Machine Learning"],"score_breakdown":["Floors Climbed (44): 220","Enemies Slain (14): 28","Exordium Elites Killed (2): 20","City Elites Killed (2): 40","Beyond Elites Killed (1): 30","Bosses Slain (2): 150","Champion (4): 100","Ascension (20): 588"],"is_ascension_mode":true,"campfire_choices":[{"data":"Sunder","floor":7,"key":"SMITH"},{"data":"Zap","floor":12,"key":"SMITH"},{"data":"Reboot","floor":15,"key":"SMITH"},{"data":"Seek","floor":23,"key":"SMITH"},{"floor":25,"key":"REST"},{"data":"Turbo","floor":29,"key":"SMITH"},{"data":"Hologram","floor":32,"key":"SMITH"},{"floor":40,"key":"RECALL"}],"neow_cost":"NONE","seed_source_timestamp":2866045356362100,"shop_contents":[{"floor":6,"relics":["Oddly Smooth Stone","Lantern"],"cards":["Doom and Gloom","Cold Snap","Reinforced Body","Chill","Hello World","Trip","Metamorphosis"],"potions":["LiquidMemories","DistilledChaos","Fire Potion"]},{"floor":22,"relics":["Bronze Scales","Ornamental Fan","OrangePellets"],"cards":["Blizzard","Melter","Redo","White Noise","Capacitor","Forethought","Thinking Ahead"],"potions":["Dexterity Potion","PowerPotion"]},{"floor":31,"relics":["Blood Vial","Symbiotic Virus","Strange Spoon"],"cards":["Compile Driver","Rebound","Stack+1","Amplify+1","Static Discharge","Flash of Steel","Mayhem"],"potions":["SpeedPotion","SpeedPotion","FocusPotion"]}],"circlet_count":0,"master_deck":["AscendersBane","Defend_B","Defend_B","Defend_B","Dualcast","Lockon","Sunder+1","Cold Snap","Reboot+1","Meteor Strike","Hologram+1","Seek+1","Turbo+1","FTL+1","Necronomicurse","Steam+1","Reinforced Body","Machine Learning","Go for the Eyes+1","Echo Form","Beam Cell+1"],"potion_use_per_floor":[[],[],[],[],[],[],[],[],[],["DistilledChaos"],[],[],["Swift Potion"],[],[],[],[],["Explosive Potion"],[],[],[],[],[],[],[],[],[],["Block Potion","Explosive Potion"],[],[],[],[],["FairyPotion"],[],[],[],[],[],[],[],[],["Swift Potion"],[],[]],"relics":["Cracked Core","Toolbox","Matryoshka","Anchor","Sundial","Empty Cage","Necronomicon","PreservedInsect","Regal Pillow","Toxic Egg 2","Philosopher\u0027s Stone","MealTicket","Molten Egg 2","Art of War"],"potions_floor_usage":[10,13,18,28,28,42],"damage_taken":[{"damage":2,"enemies":"Jaw Worm","floor":1,"turns":3},{"damage":1,"enemies":"2 Louse","floor":2,"turns":3},{"damage":3,"enemies":"Small Slimes","floor":3,"turns":3},{"damage":10,"enemies":"Exordium Wildlife","floor":5,"turns":3},{"damage":0,"enemies":"Large Slime","floor":8,"turns":3},{"damage":0,"enemies":"Gremlin Nob","floor":10,"turns":3},{"damage":0,"enemies":"Lagavulin","floor":13,"turns":4},{"damage":0,"enemies":"Blue Slaver","floor":14,"turns":2},{"damage":21,"enemies":"Slime Boss","floor":16,"turns":7},{"damage":13,"enemies":"3 Byrds","floor":18,"turns":4},{"damage":4,"enemies":"Spheric Guardian","floor":19,"turns":3},{"damage":0,"enemies":"Centurion and Healer","floor":20,"turns":2},{"damage":0,"enemies":"3 Cultists","floor":27,"turns":2},{"damage":1,"enemies":"Book of Stabbing","floor":28,"turns":3},{"damage":0,"enemies":"Gremlin Leader","floor":30,"turns":3},{"damage":80,"enemies":"Champ","floor":33,"turns":13},{"damage":0,"enemies":"Orb Walker","floor":35,"turns":2},{"damage":1,"enemies":"3 Shapes","floor":36,"turns":4},{"damage":0,"enemies":"Transient","floor":37,"turns":6},{"damage":0,"enemies":"Giant Head","floor":41,"turns":7},{"damage":10,"enemies":"Maw","floor":42,"turns":6},{"damage":46,"enemies":"Nemesis","floor":44,"turns":2}],"seed_played":"829233614212642640","neow_bonus_log":{"cardsObtained":[],"cardsUpgraded":[],"cardsRemoved":[],"cardsTransformed":[],"relicsObtained":[],"maxHpGained":0,"goldGained":100,"damageTaken":0,"goldLost":0,"maxHpLost":0},"potions_obtained":[{"floor":3,"key":"Weak Potion"},{"floor":5,"key":"DistilledChaos"},{"floor":8,"key":"Explosive Potion"},{"floor":10,"key":"Swift Potion"},{"floor":18,"key":"Explosive Potion"},{"floor":28,"key":"FairyPotion"},{"floor":35,"key":"Weak Potion"},{"floor":39,"key":"Swift Potion"},{"floor":39,"key":"Dexterity Potion"},{"floor":41,"key":"Energy Potion"},{"floor":42,"key":"Strength Potion"}],"is_trial":false,"path_per_floor":["M","M","M","?","M","$","R","M","T","E","?","R","E","M","R","B",null,"M","M","M","?","$","R","?","R","T","M","E","R","E","$","R","B",null,"M","M","M","?","?","R","E","M","T","E"],"character_chosen":"DEFECT","items_purchased":["Toolbox","Block Potion"],"campfire_rested":1,"item_purchase_floors":[6,22],"current_hp_per_floor":[62,61,58,51,41,41,41,41,41,41,64,64,64,64,64,43,64,51,47,47,47,47,47,26,47,47,47,46,46,46,46,46,7,55,55,54,54,54,54,54,54,44,44,0],"gold":211,"neow_bonus":"HUNDRED_GOLD","is_prod":false,"is_daily":false,"rewards_skipped":[],"chose_seed":false,"campfire_upgraded":6,"win_rate":0,"floor_exit_playtime":[330,432,494,544,667,834,841,930,990,1126,1204,1236,1365,1427,1451,1761,1887,2004,2068,2157,2166,2272,2279,2340,2345,2355,2418,2547,2557,2690,2717,2723,3030,3099,3147,3230,3359,3380,3396,3407,3563,3735,3740],"timestamp":1655400044,"blue_key_relic_skipped_log":{"floor":26,"relicID":"Juzu Bracelet"},"path_taken":["M","M","M","?","M","$","R","M","T","E","?","R","E","M","R","BOSS","M","M","M","?","$","R","?","R","T","M","E","R","E","?","R","BOSS","M","M","M","?","?","R","E","M","T","E"],"build_version":"2022-03-07","purchased_purges":3,"victory":false,"max_hp_per_floor":[71,71,71,71,71,71,71,71,71,71,71,71,71,71,71,71,71,71,71,71,71,71,71,71,71,71,71,71,71,71,71,71,71,71,71,71,71,71,71,71,71,71,71,71],"relic_stats":{"Regal Pillow":0,"Matryoshka":2,"counters":[22,88],"Sundial":[18],"MealTicket":0,"PreservedInsect":272,"Necronomicon":[28],"Art of War":[1],"obtain_stats":[{"Regal Pillow":28,"PreservedInsect":26,"Empty Cage":17,"Anchor":10,"Matryoshka":9,"Sundial":13,"Toolbox":6,"Philosopher\u0027s Stone":34,"MealTicket":41,"Molten Egg 2":43,"Necronomicon":24,"Art of War":43,"Toxic Egg 2":30,"Cracked Core":0},{"Regal Pillow":14,"PreservedInsect":12,"Empty Cage":9,"Anchor":6,"Matryoshka":5,"Sundial":7,"Toolbox":4,"Philosopher\u0027s Stone":16,"MealTicket":20,"Molten Egg 2":21,"Necronomicon":12,"Art of War":21,"Toxic Egg 2":15,"Cracked Core":0},{"Regal Pillow":45,"PreservedInsect":40,"Empty Cage":31,"Anchor":18,"Matryoshka":15,"Sundial":22,"Toolbox":12,"Philosopher\u0027s Stone":61,"MealTicket":80,"Molten Egg 2":86,"Necronomicon":40,"Art of War":86,"Toxic Egg 2":48,"Cracked Core":0}]},"card_choices":[{"not_picked":["Redo","Tempest"],"picked":"Rip and Tear","floor":1},{"not_picked":["Streamline","Leap"],"picked":"Lockon","floor":2},{"not_picked":["Compile Driver","Leap"],"picked":"Sunder","floor":3},{"not_picked":["Tempest","Compile Driver"],"picked":"Cold Snap","floor":5},{"not_picked":["Gash","Streamline","Sweeping Beam"],"picked":"SKIP","floor":8},{"not_picked":["Gash","Streamline","Sweeping Beam"],"picked":"SKIP","floor":8},{"not_picked":["Gash","Streamline","Sweeping Beam"],"picked":"SKIP","floor":8},{"not_picked":["Steam Power","Sweeping Beam"],"picked":"Reboot","floor":10},{"not_picked":["Static Discharge","Leap"],"picked":"Meteor Strike","floor":13},{"not_picked":["Chill","Gash"],"picked":"Hologram","floor":14},{"not_picked":["Amplify","Fission"],"picked":"Seek","floor":16},{"not_picked":["Chaos","Sunder","Force Field"],"picked":"SKIP","floor":18},{"not_picked":["Rebound","Steam+1"],"picked":"Turbo","floor":19},{"not_picked":["Defragment","Redo"],"picked":"FTL+1","floor":20},{"not_picked":["Coolheaded","Loop"],"picked":"Steam+1","floor":27},{"not_picked":["Thunder Strike","Redo"],"picked":"Reinforced Body","floor":28},{"not_picked":["Redo+1","Tempest+1","Steam Power+1"],"picked":"SKIP","floor":30},{"not_picked":["Rainbow+1","Fission+1"],"picked":"Machine Learning","floor":33},{"not_picked":["Blizzard+1","Darkness+1","Hello World"],"picked":"SKIP","floor":35},{"not_picked":["Tempest+1","Cold Snap","Barrage"],"picked":"SKIP","floor":36},{"not_picked":["Self Repair","Hello World"],"picked":"Go for the Eyes+1","floor":37},{"not_picked":["Beam Cell","Cold Snap"],"picked":"Echo Form","floor":41},{"not_picked":["Streamline","Sweeping Beam"],"picked":"Beam Cell+1","floor":42}],"player_experience":7185762,"relics_obtained":[{"floor":9,"key":"Matryoshka"},{"floor":10,"key":"Anchor"},{"floor":13,"key":"Sundial"},{"floor":24,"key":"Necronomicon"},{"floor":26,"key":"PreservedInsect"},{"floor":28,"key":"Regal Pillow"},{"floor":30,"key":"Toxic Egg 2"},{"floor":41,"key":"MealTicket"},{"floor":43,"key":"Molten Egg 2"},{"floor":43,"key":"Art of War"}],"event_choices":[{"cards_removed":["Strike_B"],"damage_healed":0,"gold_gain":0,"player_choice":"Card Removal","damage_taken":7,"max_hp_gain":0,"max_hp_loss":0,"event_name":"Golden Wing","floor":4,"gold_loss":0},{"damage_healed":23,"gold_gain":0,"player_choice":"Banana","damage_taken":0,"max_hp_gain":0,"max_hp_loss":0,"event_name":"Big Fish","floor":11,"gold_loss":0},{"damage_healed":0,"gold_gain":0,"player_choice":"Ignored","damage_taken":0,"max_hp_gain":0,"max_hp_loss":0,"event_name":"The Mausoleum","floor":21,"gold_loss":0},{"damage_healed":0,"gold_gain":0,"player_choice":"Obtained Book","damage_taken":21,"max_hp_gain":0,"max_hp_loss":0,"event_name":"Cursed Tome","floor":24,"gold_loss":0},{"cards_removed":["Zap"],"damage_healed":0,"gold_gain":0,"player_choice":"Removed Skill","damage_taken":0,"max_hp_gain":0,"max_hp_loss":0,"event_name":"Falling","floor":38,"gold_loss":0},{"damage_healed":0,"gold_gain":0,"player_choice":"Bought 2 Potions","damage_taken":0,"max_hp_gain":0,"max_hp_loss":0,"event_name":"The Woman in Blue","floor":39,"gold_loss":0}],"is_beta":false,"boss_relics":[{"not_picked":["Fusion Hammer","Velvet Choker"],"picked":"Empty Cage"},{"not_picked":["FrozenCore","Busted Crown"],"picked":"Philosopher\u0027s Stone"}],"items_purged_floors":[6,22,31],"is_endless":false,"potions_floor_spawned":[3,5,8,10,18,28,35,41,42],"killed_by":"Nemesis","ascension_level":20,"potion_discard_per_floor":[[],[],[],[],[],[],[],["Weak Potion"],[],[],[],[],[],[],[],[],[],[],[],[],[],[],[],[],[],[],[],[],[],[],[],[],[],[],[],[],[],[],["Weak Potion"],[],["Dexterity Potion"],[],[],[]]}