{"neow_bonuses_skipped_log":["THREE_SMALL_POTIONS","RANDOM_COLORLESS_2","BOSS_RELIC"],"neow_costs_skipped_log":["NONE","NO_GOLD","NONE"],"gold_per_floor":[110,124,124,140,32,32,59,59,359,359,359,375,402,413,413,492,492,510,89,100,119,89,114,114,141,141,154,170,85,85,96,96,173,173,187,1186,603,603,613,644,644,270,270,301,301,314,331,364,364,364,364,364,364,30,58,58],"floor_reached":57,"playtime":6774,"items_purged":["Strike_B","Normality","Strike_B"],"score":2955,"play_id":"97322c61-7f98-4ddf-9c7a-59735da27f40","local_time":"20220622141850","score_breakdown":["Floors Climbed (57): 285","Enemies Slain (15): 30","Exordium Elites Killed (2): 20","City Elites Killed (2): 40","Beyond Elites Killed (3): 90","Bosses Slain (5): 750","Money Money (1934): 25","Champion (3): 75","Perfect (1): 50","Ascension (20): 1340","Heartbreaker: 250"],"is_ascension_mode":true,"campfire_choices":[{"data":"Skim","floor":10,"key":"SMITH"},{"data":"Defragment","floor":15,"key":"SMITH"},{"data":"Seek","floor":24,"key":"SMITH"},{"data":"Hologram","floor":32,"key":"SMITH"},{"floor":41,"key":"RECALL"},{"data":"Loop","floor":49,"key":"SMITH"},{"data":"Static Discharge","floor":53,"key":"SMITH"}],"neow_cost":"NONE","seed_source_timestamp":3384908158425300,"shop_contents":[{"floor":5,"relics":["Peace Pipe","Nunchaku","OrangePellets"],"cards":["Ball Lightning","Darkness","Glacier","Capacitor","Jack Of All Trades","HandOfGreed"],"potions":["DuplicationPotion","Regen Potion"]},{"floor":19,"relics":["War Paint"],"cards":["Compile Driver","Streamline","Auto Shields","Force Field","Capacitor","Deep Breath","Master of Strategy"],"potions":["Explosive Potion","FairyPotion","PowerPotion"]},{"floor":37,"relics":["Molten Egg 2"],"cards":["Barrage","Ball Lightning","Hologram","Aggregate","Hello World","Impatience","Violence"],"potions":["Fruit Juice","Energy Potion","Block Potion"]},{"floor":42,"relics":["Question Card","Pen Nib"],"cards":["Blizzard","Doom and Gloom","Genetic Algorithm","Redo","Bandage Up","Sadistic Nature"],"potions":["DistilledChaos","Strength Potion","PowerPotion"]},{"floor":54,"relics":["Pear","Gremlin Horn","HandDrill"],"cards":["Melter","Sweeping Beam","Panache"],"potions":["BlessingOfTheForge","LiquidBronze"]}],"circlet_count":0,"master_deck":["AscendersBane","Strike_B+1","Defend_B","Defend_B","Defend_B","Defend_B","Zap+1","Dualcast","Streamline+1","Skim+1","Ball Lightning","Rebound","Conserve Battery","Seek+1","Defragment+1","Electrodynamics","Hologram+1","Coolheaded","Genetic Algorithm+1","Tempest","Echo Form","Force Field","Core Surge","Cold Snap+1","Static Discharge+1","Aggregate+1","Loop+1","Blind","Loop","Skim","Hologram","Chill"],"potion_use_per_floor":[[],[],[],[],[],[],["FearPotion"],[],[],[],[],["Explosive Potion"],["Block Potion"],[],[],[],[],[],[],[],[],[],[],[],["Energy Potion"],[],[],[],[],[],[],[],[],[],[],[],[],[],[],[],[],[],[],["Block Potion"],[],[],["Block Potion"],[],[],[],[],[],[],[],[],["BlessingOfTheForge"],[]],"relics":["Cracked Core","Pocketwatch","Old Coin","Cables","Orichalcum","Coffee Dripper","Lee\u0027s Waffle","Anchor","Turnip","FossilizedHelix","MealTicket","Black Star","Toolbox","Thread and Needle","Emotion Chip","Omamori","ClockworkSouvenir","Regal Pillow","DataDisk","Juzu Bracelet","InkBottle","Unceasing Top","Toy Ornithopter","Bag of Preparation"],"potions_floor_usage":[7,12,13,25,44,47,56],"damage_taken":[{"damage":2,"enemies":"Jaw Worm","floor":1,"turns":3},{"damage":9,"enemies":"Small Slimes","floor":2,"turns":3},{"damage":2,"enemies":"2 Louse","floor":4,"turns":3},{"damage":8,"enemies":"Gremlin Nob","floor":7,"turns":3},{"damage":5,"enemies":"Gremlin Gang","floor":12,"turns":2},{"damage":7,"enemies":"3 Sentries","floor":13,"turns":4},{"damage":1,"enemies":"Blue Slaver","floor":14,"turns":4},{"damage":3,"enemies":"The Guardian","floor":16,"turns":9},{"damage":16,"enemies":"2 Thieves","floor":18,"turns":2},{"damage":0,"enemies":"3 Byrds","floor":20,"turns":2},{"damage":0,"enemies":"Sentry and Sphere","floor":21,"turns":2},{"damage":25,"enemies":"Slavers","floor":23,"turns":3},{"damage":23,"enemies":"Book of Stabbing","floor":25,"turns":4},{"damage":0,"enemies":"Centurion and Healer","floor":27,"turns":7},{"damage":0,"enemies":"3 Cultists","floor":28,"turns":4},{"damage":0,"enemies":"Snecko","floor":31,"turns":4},{"damage":0,"enemies":"Automaton","floor":33,"turns":7},{"damage":0,"enemies":"3 Shapes","floor":35,"turns":3},{"damage":0,"enemies":"Orb Walker","floor":39,"turns":6},{"damage":0,"enemies":"Nemesis","floor":40,"turns":5},{"damage":40,"enemies":"Giant Head","floor":44,"turns":10},{"damage":0,"enemies":"Spire Growth","floor":46,"turns":4},{"damage":0,"enemies":"3 Darklings","floor":47,"turns":3},{"damage":0,"enemies":"Reptomancer","floor":48,"turns":4},{"damage":25,"enemies":"Donu and Deca","floor":50,"turns":9},{"damage":4,"enemies":"Awakened One","floor":51,"turns":27},{"damage":0,"enemies":"Shield and Spear","floor":55,"turns":5},{"damage":49,"enemies":"The Heart","floor":56,"turns":13}],"seed_played":"-2113064419404615440","neow_bonus_log":{"cardsObtained":[],"cardsUpgraded":["Zap"],"cardsRemoved":[],"cardsTransformed":[],"relicsObtained":[],"maxHpGained":0,"goldGained":0,"damageTaken":0,"goldLost":0,"maxHpLost":0},"potions_obtained":[{"floor":2,"key":"Explosive Potion"},{"floor":7,"key":"Block Potion"},{"floor":12,"key":"ColorlessPotion"},{"floor":13,"key":"Energy Potion"},{"floor":16,"key":"FairyPotion"},{"floor":25,"key":"Energy Potion"},{"floor":31,"key":"Block Potion"},{"floor":44,"key":"Block Potion"}],"is_trial":false,"path_per_floor":["M","M","?","M","$","?","E","?","T","R","?","M","E","M","R","B",null,"M","$","M","M","?","E","R","E","T","M","M","?","?","M","R","B",null,"M","?","$","?","M","E","R","$","T","E","?","M","M","E","R","B","B",null,"R","$","E","B",null],"character_chosen":"DEFECT","items_purchased":["Rebound","FearPotion","Lee\u0027s Waffle","Anchor","Toolbox","Thread and Needle","ClockworkSouvenir","Static Discharge","Blind","Loop","BlessingOfTheForge","Skim","Hologram"],"campfire_rested":0,"item_purchase_floors":[5,5,19,19,37,37,42,42,54,54,54,54,54],"current_hp_per_floor":[62,53,32,30,30,53,45,38,38,38,27,22,15,14,14,11,56,40,78,78,78,78,53,53,30,30,30,30,30,30,30,30,30,66,66,66,78,78,78,78,78,78,78,38,38,38,38,38,38,13,9,61,61,76,76,29],"gold":58,"neow_bonus":"UPGRADE_CARD","is_prod":false,"is_daily":false,"rewards_skipped":[{"floor":22,"relics":[],"potions":["Weak Potion","EssenceOfSteel"]},{"floor":27,"relics":[],"potions":["EssenceOfSteel"]},{"floor":33,"relics":[],"potions":["Swift Potion"]},{"floor":35,"relics":[],"potions":["Dexterity Potion"]},{"floor":39,"relics":[],"potions":["Dexterity Potion"]},{"floor":55,"relics":[],"potions":["Energy Potion"]}],"chose_seed":false,"campfire_upgraded":6,"win_rate":0,"floor_exit_playtime":[519,701,744,914,1033,1040,1184,1198,1209,1346,1358,1474,1647,1779,1797,2064,2232,2288,2399,2435,2528,2551,2696,2704,2891,2975,3122,3297,3307,3353,3434,3481,3748,3910,3979,4032,4093,4114,4250,4374,4383,4499,4504,4807,4813,4862,4920,4984,4990,5220,5930,5945,5954,6010,6221,6774],"timestamp":1655921930,"blue_key_relic_skipped_log":{"floor":26,"relicID":"Tiny Chest"},"path_taken":["M","M","?","M","$","?","E","?","T","R","?","M","E","M","R","BOSS","M","$","M","M","?","E","R","E","T","M","?","?","?","?","R","BOSS","M","?","$","?","?","E","R","$","T","E","?","M","M","E","R","BOSS","BOSS","R","$","E","BOSS"],"build_version":"2022-03-07","purchased_purges":3,"victory":true,"max_hp_per_floor":[71,71,71,71,71,71,71,71,71,71,71,71,71,71,71,71,71,71,78,78,78,78,78,78,78,78,78,78,78,78,78,78,78,78,78,78,78,78,78,78,78,78,78,78,78,78,78,78,78,78,78,78,78,78,78,78],"relic_stats":{"Lee\u0027s Waffle":38,"Regal Pillow":0,"counters":[28,155],"Omamori":0,"Juzu Bracelet":0,"Bag of Preparation":[2],"Orichalcum":[138],"Cables":[134,85,45,4,0],"Emotion Chip":[27,20,7,0,0],"MealTicket":27,"Turnip":[8],"Black Star":4,"obtain_stats":[{"Lee\u0027s Waffle":19,"Regal Pillow":43,"Thread and Needle":37,"Omamori":40,"Juzu Bracelet":44,"Bag of Preparation":55,"Orichalcum":13,"Old Coin":9,"Cables":11,"ClockworkSouvenir":42,"Anchor":19,"Emotion Chip":40,"DataDisk":44,"Toolbox":37,"MealTicket":29,"Turnip":23,"Coffee Dripper":17,"Black Star":34,"Cracked Core":0,"FossilizedHelix":25,"InkBottle":48,"Unceasing Top":48,"Toy Ornithopter":55,"Pocketwatch":7},{"Lee\u0027s Waffle":9,"Regal Pillow":20,"Thread and Needle":18,"Omamori":20,"Juzu Bracelet":21,"Bag of Preparation":27,"Orichalcum":6,"Old Coin":4,"Cables":4,"ClockworkSouvenir":20,"Anchor":9,"Emotion Chip":20,"DataDisk":21,"Toolbox":18,"MealTicket":15,"Turnip":12,"Coffee Dripper":8,"Black Star":17,"Cracked Core":0,"FossilizedHelix":13,"InkBottle":24,"Unceasing Top":24,"Toy Ornithopter":27,"Pocketwatch":4},{"Lee\u0027s Waffle":33,"Regal Pillow":80,"Thread and Needle":69,"Omamori":80,"Juzu Bracelet":90,"Bag of Preparation":142,"Orichalcum":18,"Old Coin":12,"Cables":12,"ClockworkSouvenir":80,"Anchor":33,"Emotion Chip":80,"DataDisk":90,"Toolbox":69,"MealTicket":55,"Turnip":40,"Coffee Dripper":31,"Black Star":66,"Cracked Core":0,"FossilizedHelix":44,"InkBottle":101,"Unceasing Top":101,"Toy Ornithopter":142,"Pocketwatch":12}],"FossilizedHelix":[220],"InkBottle":[25],"Unceasing Top":[3],"Toy Ornithopter":2,"Pocketwatch":[219]},"card_choices":[{"not_picked":["Steam","Storm"],"picked":"Streamline","floor":1},{"not_picked":["Consume","Redo"],"picked":"Skim","floor":2},{"not_picked":["Reprogram","Heatsinks"],"picked":"Ball Lightning","floor":4},{"not_picked":["Ball Lightning","Turbo","Compile Driver"],"picked":"SKIP","floor":7},{"not_picked":["Ball Lightning","Turbo","Compile Driver"],"picked":"SKIP","floor":7},{"not_picked":["Ball Lightning","Turbo","Compile Driver"],"picked":"SKIP","floor":7},{"not_picked":["Compile Driver","Rebound"],"picked":"Conserve Battery","floor":12},{"not_picked":["Genetic Algorithm","Fusion"],"picked":"Seek","floor":13},{"not_picked":["Sunder","Rip and Tear"],"picked":"Defragment","floor":14},{"not_picked":["Creative AI","Rainbow"],"picked":"Electrodynamics","floor":16},{"not_picked":["Lockon","Recycle"],"picked":"Hologram","floor":18},{"not_picked":["Rebound","Rip and Tear","Steam"],"picked":"SKIP","floor":20},{"not_picked":["Barrage","Defragment"],"picked":"Coolheaded","floor":21},{"not_picked":["Beam Cell","Doom and Gloom"],"picked":"Genetic Algorithm+1","floor":23},{"not_picked":["Stack","Redo","Rebound"],"picked":"SKIP","floor":25},{"not_picked":["Stack","Redo","Rebound"],"picked":"SKIP","floor":25},{"not_picked":["Hologram","Conserve Battery","Streamline"],"picked":"SKIP","floor":27},{"not_picked":["Meteor Strike","Hologram"],"picked":"Tempest","floor":28},{"not_picked":["Steam","Barrage+1"],"picked":"Force Field","floor":31},{"not_picked":["Multi-Cast","Electrodynamics"],"picked":"Core Surge","floor":33},{"not_picked":["Coolheaded","Tempest"],"picked":"Cold Snap+1","floor":35},{"not_picked":["Self Repair","Barrage","Beam Cell"],"picked":"SKIP","floor":39},{"not_picked":["Self Repair","Barrage","Beam Cell"],"picked":"SKIP","floor":39},{"not_picked":["Self Repair","Barrage","Beam Cell"],"picked":"SKIP","floor":39},{"not_picked":["Stack","Hologram","Leap+1"],"picked":"SKIP","floor":40},{"not_picked":["Compile Driver","BootSequence","Reprogram"],"picked":"SKIP","floor":44},{"not_picked":["Compile Driver","BootSequence","Reprogram"],"picked":"SKIP","floor":44},{"not_picked":["Self Repair","Tempest"],"picked":"Aggregate+1","floor":47},{"not_picked":["BootSequence","Melter+1"],"picked":"Loop","floor":48},{"not_picked":["Leap","Steam+1"],"picked":"Chill","floor":55}],"player_experience":7214282,"relics_obtained":[{"floor":7,"key":"Pocketwatch"},{"floor":9,"key":"Old Coin"},{"floor":13,"key":"Orichalcum"},{"floor":23,"key":"Turnip"},{"floor":25,"key":"FossilizedHelix"},{"floor":40,"key":"Emotion Chip"},{"floor":40,"key":"Omamori"},{"floor":43,"key":"Regal Pillow"},{"floor":44,"key":"DataDisk"},{"floor":44,"key":"Juzu Bracelet"},{"floor":48,"key":"InkBottle"},{"floor":48,"key":"Unceasing Top"},{"floor":55,"key":"Toy Ornithopter"},{"floor":55,"key":"Bag of Preparation"}],"event_choices":[{"damage_healed":0,"gold_gain":0,"player_choice":"Entered Light","damage_taken":21,"max_hp_gain":0,"max_hp_loss":0,"event_name":"Shining Light","floor":3,"gold_loss":0,"cards_upgraded":["Streamline","Strike_B"]},{"damage_healed":23,"gold_gain":0,"player_choice":"Banana","damage_taken":0,"max_hp_gain":0,"max_hp_loss":0,"event_name":"Big Fish","floor":6,"gold_loss":0},{"cards_removed":["Strike_B"],"damage_healed":0,"gold_gain":0,"player_choice":"Card Removal","damage_taken":7,"max_hp_gain":0,"max_hp_loss":0,"event_name":"Golden Wing","floor":8,"gold_loss":0},{"damage_healed":0,"gold_gain":0,"player_choice":"Success","damage_taken":11,"relics_obtained":["Cables"],"max_hp_gain":0,"max_hp_loss":0,"event_name":"Scrap Ooze","floor":11,"gold_loss":0},{"damage_healed":0,"gold_gain":0,"player_choice":"Bought 2 Potions","damage_taken":0,"max_hp_gain":0,"max_hp_loss":0,"event_name":"The Woman in Blue","floor":22,"gold_loss":0},{"damage_healed":0,"gold_gain":0,"player_choice":"Obtained Relic","damage_taken":0,"relics_obtained":["MealTicket"],"max_hp_gain":0,"max_hp_loss":0,"event_name":"Addict","floor":29,"gold_loss":85},{"damage_healed":0,"gold_gain":0,"player_choice":"1 cards matched","damage_taken":0,"max_hp_gain":0,"max_hp_loss":0,"event_name":"Match and Keep!","floor":30,"gold_loss":0,"cards_obtained":["Echo Form"]},{"damage_healed":0,"gold_gain":0,"player_choice":"1 cards matched","damage_taken":0,"max_hp_gain":0,"max_hp_loss":0,"event_name":"Match and Keep!","floor":30,"gold_loss":0,"cards_obtained":["Echo Form"]},{"damage_healed":0,"gold_gain":999,"player_choice":"Gold","damage_taken":0,"max_hp_gain":0,"max_hp_loss":0,"event_name":"MindBloom","floor":36,"gold_loss":0,"cards_obtained":["Normality","Normality"]},{"cards_removed":["Normality"],"damage_healed":0,"gold_gain":0,"player_choice":"Removed Curses","damage_taken":0,"max_hp_gain":0,"max_hp_loss":0,"event_name":"Fountain of Cleansing","floor":38,"gold_loss":0},{"damage_healed":0,"gold_gain":0,"player_choice":"Ignored","damage_taken":0,"max_hp_gain":0,"max_hp_loss":0,"event_name":"The Moai Head","floor":45,"gold_loss":0}],"is_beta":false,"boss_relics":[{"not_picked":["Sozu","Philosopher\u0027s Stone"],"picked":"Coffee Dripper"},{"not_picked":["Empty Cage","Busted Crown"],"picked":"Black Star"}],"items_purged_floors":[19,37,42],"is_endless":false,"potions_floor_spawned":[2,7,12,13,16,25,27,31,33,35,39,44,55],"ascension_level":20,"potion_discard_per_floor":[[],[],[],[],[],[],[],[],[],[],[],[],[],[],[],["ColorlessPotion"],[],[],[],[],[],[],[],[],[],[],[],[],[],[],["Energy Potion"],[],[],[],[],[],[],[],[],[],[],[],[],[],[],[],[],[],[],[],[],[],[],[],[],[],[]]}