{"neow_bonuses_skipped_log":["ONE_RANDOM_RARE_CARD","TRANSFORM_TWO_CARDS","BOSS_RELIC"],"neow_costs_skipped_log":["NONE","PERCENT_DAMAGE","NONE"],"gold_per_floor":[216,216,141,160,173,173,199,199,199,199,199,216,14,40,40,40],"floor_reached":16,"playtime":885,"items_purged":[],"score":216,"play_id":"d5916db1-7e4c-44b4-b1f3-c238b02c722b","local_time":"20220625151914","score_breakdown":["Floors Climbed (16): 80","Enemies Slain (4): 8","Exordium Elites Killed (2): 20","Bosses Slain (0): 0","Ascension (20): 108"],"is_ascension_mode":true,"campfire_choices":[{"data":"Streamline","floor":6,"key":"SMITH"},{"data":"Beam Cell","floor":8,"key":"SMITH"},{"floor":10,"key":"REST"},{"data":"1","floor":15,"key":"LIFT"}],"neow_cost":"NONE","seed_source_timestamp":3653648915173000,"shop_contents":[{"floor":13,"relics":["Happy Flower","Orichalcum"],"cards":["Hyperbeam","Redo","Steam","Defragment","Dramatic Entrance","Transmutation"],"potions":["SneckoOil","PotionOfCapacity","FearPotion"]}],"circlet_count":0,"master_deck":["AscendersBane","Strike_B","Strike_B","Defend_B","Defend_B","Defend_B","Defend_B","Zap","Dualcast","Hologram","Streamline+1","Beam Cell+1","All For One","Steam","Hologram","Scrape","Beam Cell"],"potion_use_per_floor":[[],[],[],[],[],[],[],[],[],[],[],[],[],["GamblersBrew"],[],[]],"relics":["Cracked Core","Ornamental Fan","Dream Catcher","Mango","Strange Spoon","Girya"],"potions_floor_usage":[14],"damage_taken":[{"damage":1,"enemies":"Cultist","floor":1,"turns":4},{"damage":5,"enemies":"Small Slimes","floor":4,"turns":3},{"damage":2,"enemies":"Jaw Worm","floor":5,"turns":4},{"damage":33,"enemies":"Gremlin Nob","floor":7,"turns":4},{"damage":0,"enemies":"Looter","floor":12,"turns":2},{"damage":15,"enemies":"3 Sentries","floor":14,"turns":8},{"damage":40,"enemies":"Hexaghost","floor":16,"turns":7}],"seed_played":"-5716705653281371201","neow_bonus_log":{"cardsObtained":[],"cardsUpgraded":[],"cardsRemoved":[],"cardsTransformed":[],"relicsObtained":[],"maxHpGained":0,"goldGained":100,"damageTaken":0,"goldLost":0,"maxHpLost":0},"potions_obtained":[{"floor":12,"key":"GamblersBrew"}],"is_trial":false,"path_per_floor":["M","?","?","M","M","R","E","R","T","R","T","M","$","E","R","B"],"character_chosen":"DEFECT","items_purchased":["Strange Spoon","Scrape"],"campfire_rested":1,"item_purchase_floors":[13,13],"current_hp_per_floor":[63,56,56,51,49,49,16,16,16,37,51,51,51,36,36,0],"gold":40,"neow_bonus":"HUNDRED_GOLD","is_prod":false,"is_daily":false,"rewards_skipped":[],"chose_seed":false,"campfire_upgraded":2,"win_rate":0,"floor_exit_playtime":[60,81,103,152,190,229,382,396,437,462,480,508,599,754,760],"timestamp":1656184754,"path_taken":["M","?","?","M","M","R","E","R","T","R","?","M","$","E","R","BOSS"],"build_version":"2022-03-07","purchased_purges":0,"victory":false,"max_hp_per_floor":[71,71,71,71,71,71,71,71,71,71,85,85,85,85,85,85],"relic_stats":{"Strange Spoon":[1],"Girya":1,"Dream Catcher":1,"counters":[7,32],"Ornamental Fan":[16],"obtain_stats":[{"Strange Spoon":13,"Girya":14,"Dream Catcher":9,"Ornamental Fan":7,"Mango":11,"Cracked Core":0},{"Strange Spoon":5,"Girya":6,"Dream Catcher":4,"Ornamental Fan":4,"Mango":4,"Cracked Core":0},{"Strange Spoon":17,"Girya":25,"Dream Catcher":15,"Ornamental Fan":15,"Mango":15,"Cracked Core":0}]},"card_choices":[{"not_picked":["Stack","Steam Power"],"picked":"Hologram","floor":1},{"not_picked":["Sweeping Beam","Rebound"],"picked":"Streamline","floor":4},{"not_picked":["Consume","Redo"],"picked":"Beam Cell","floor":5},{"not_picked":["Auto Shields","Conserve Battery"],"picked":"All For One","floor":7},{"not_picked":["Melter","Barrage"],"picked":"Steam","floor":10},{"not_picked":["Barrage","Leap"],"picked":"Hologram","floor":12},{"not_picked":["Ball Lightning","Compile Driver"],"picked":"Beam Cell","floor":14}],"player_experience":7253101,"relics_obtained":[{"floor":7,"key":"Ornamental Fan"},{"floor":9,"key":"Dream Catcher"},{"floor":11,"key":"Mango"},{"floor":14,"key":"Girya"}],"event_choices":[{"cards_removed":["Strike_B"],"damage_healed":0,"gold_gain":0,"player_choice":"Card Removal","damage_taken":7,"max_hp_gain":0,"max_hp_loss":0,"event_name":"Golden Wing","floor":2,"gold_loss":0},{"cards_removed":["Strike_B"],"damage_healed":0,"gold_gain":0,"player_choice":"Card Removal","damage_taken":0,"max_hp_gain":0,"max_hp_loss":0,"event_name":"The Cleric","floor":3,"gold_loss":75}],"is_beta":false,"boss_relics":[],"items_purged_floors":[],"is_endless":false,"potions_floor_spawned":[12],"killed_by":"Hexaghost","ascension_level":20,"potion_discard_per_floor":[[],[],[],[],[],[],[],[],[],[],[],[],[],[],[],[]]}