{"neow_bonuses_skipped_log":["THREE_CARDS","THREE_ENEMY_KILL","TWENTY_PERCENT_HP_BONUS"],"neow_costs_skipped_log":["NONE","NONE","NO_GOLD"],"gold_per_floor":[160,160,85,104,104,104,132,132,132,148,165,187,220,220,220,296,296,306,5,16,66,94,94,94,121,198,231,231,181,181,216,216,290,290,303,318,318,328,345,373,391,391,414,414,429,440,453,157,157,157,157,157,157,39,65,65],"floor_reached":57,"playtime":4889,"items_purged":["Strike_B","Zap"],"score":2721,"play_id":"11ed60ee-d684-4ed1-b2b1-8a2f23156e4f","local_time":"20220625164124","score_breakdown":["Floors Climbed (57): 285","Enemies Slain (14): 28","Exordium Elites Killed (2): 20","City Elites Killed (3): 60","Beyond Elites Killed (1): 30","Bosses Slain (5): 750","Librarian: 25","Champion (1): 25","Overkill: 25","Ascension (20): 1223","Heartbreaker: 250"],"is_ascension_mode":true,"campfire_choices":[{"data":"Beam Cell","floor":6,"key":"SMITH"},{"data":"1","floor":8,"key":"LIFT"},{"data":"2","floor":15,"key":"LIFT"},{"data":"3","floor":23,"key":"LIFT"},{"data":"Biased Cognition","floor":28,"key":"SMITH"},{"floor":30,"key":"REST"},{"data":"Capacitor","floor":32,"key":"SMITH"},{"data":"Consume","floor":42,"key":"SMITH"},{"floor":49,"key":"RECALL"},{"data":"Heatsinks","floor":53,"key":"SMITH"}],"neow_cost":"NONE","seed_source_timestamp":3654548828745500,"shop_contents":[{"floor":3,"relics":["MealTicket","Symbiotic Virus","Runic Capacitor"],"cards":["Blizzard","Thunder Strike","Turbo","Redo","Capacitor","Enlightenment","Magnetism"],"potions":["SpeedPotion","FearPotion","Swift Potion"]},{"floor":19,"relics":["Turnip"],"cards":["Go for the Eyes","Sweeping Beam","Reboot","Fusion","Blind","Secret Technique"],"potions":["Weak Potion","SteroidPotion"]},{"floor":48,"relics":["Dead Branch","White Beast Statue"],"cards":["FTL","Consume","Steam Power","Deep Breath","Transmutation"],"potions":["ColorlessPotion"]},{"floor":54,"relics":["Lantern","StrikeDummy"],"cards":["Gash","Melter","Steam","Steam Power","Good Instincts","Metamorphosis"],"potions":["Dexterity Potion","ColorlessPotion","SpeedPotion"]}],"circlet_count":0,"master_deck":["AscendersBane","Defend_B","Defend_B+1","Dualcast+1","Beam Cell+1","Go for the Eyes+1","Lockon","Rainbow","Conserve Battery","Ball Lightning","Ball Lightning","Conserve Battery","Heatsinks+1","Biased Cognition+1","Chill","Capacitor+1","Compile Driver","Steam Power+1","Chill+1","Echo Form","Genetic Algorithm+1","Thunder Strike","Conserve Battery+1","Loop+1","Compile Driver+1","Machine Learning+1","Consume+1","Turbo+1","Blind","Aggregate+1","Storm+1","Seek","Loop+1","Biased Cognition+1","Compile Driver","Loop+1","Coolheaded","Glacier+1","White Noise","Defragment+1","Thunder Strike"],"potion_use_per_floor":[[],[],[],[],[],[],["PowerPotion"],[],[],[],[],["PowerPotion"],["Weak Potion"],[],[],[],[],["ColorlessPotion"],[],["PotionOfCapacity"],[],["PowerPotion"],[],[],[],[],[],[],[],[],["Block Potion","AttackPotion"],[],[],[],[],[],[],[],[],["PotionOfCapacity","AttackPotion"],[],[],[],[],[],[],[],[],[],[],[],[],[],[],[],["DistilledChaos","FocusPotion","DuplicationPotion","Block Potion"],[]],"relics":["Tiny House","Girya","Oddly Smooth Stone","Odd Mushroom","Matryoshka","Runic Dome","Membership Card","Toy Ornithopter","Red Mask","Torii","Potion Belt","Mummified Hand","Frozen Egg 2","Empty Cage","Prayer Wheel","Bag of Preparation","Ancient Tea Set","OrangePellets","Orrery","Whetstone"],"potions_floor_usage":[7,12,13,18,20,22,31,31,40,40,56,56,56,56],"damage_taken":[{"damage":9,"enemies":"Small Slimes","floor":1,"turns":3},{"damage":0,"enemies":"2 Louse","floor":4,"turns":3},{"damage":3,"enemies":"Gremlin Nob","floor":7,"turns":3},{"damage":3,"enemies":"Cultist","floor":10,"turns":4},{"damage":2,"enemies":"Large Slime","floor":11,"turns":6},{"damage":0,"enemies":"The Mushroom Lair","floor":12,"turns":4},{"damage":2,"enemies":"Lagavulin","floor":13,"turns":5},{"damage":3,"enemies":"The Guardian","floor":16,"turns":7},{"damage":11,"enemies":"3 Byrds","floor":18,"turns":4},{"damage":8,"enemies":"2 Thieves","floor":20,"turns":4},{"damage":12,"enemies":"Masked Bandits","floor":22,"turns":4},{"damage":5,"enemies":"Slavers","floor":25,"turns":6},{"damage":9,"enemies":"Gremlin Leader","floor":27,"turns":6},{"damage":1,"enemies":"Slavers","floor":31,"turns":4},{"damage":26,"enemies":"Champ","floor":33,"turns":12},{"damage":0,"enemies":"Orb Walker","floor":35,"turns":4},{"damage":0,"enemies":"3 Shapes","floor":36,"turns":5},{"damage":0,"enemies":"Jaw Worm Horde","floor":38,"turns":5},{"damage":1,"enemies":"Transient","floor":39,"turns":6},{"damage":1,"enemies":"Reptomancer","floor":40,"turns":7},{"damage":0,"enemies":"Spire Growth","floor":41,"turns":4},{"damage":15,"enemies":"Jaw Worm Horde","floor":45,"turns":4},{"damage":1,"enemies":"Writhing Mass","floor":46,"turns":5},{"damage":0,"enemies":"4 Shapes","floor":47,"turns":3},{"damage":1,"enemies":"Time Eater","floor":50,"turns":6},{"damage":11,"enemies":"Awakened One","floor":51,"turns":11},{"damage":0,"enemies":"Shield and Spear","floor":55,"turns":3},{"damage":12,"enemies":"The Heart","floor":56,"turns":6}],"seed_played":"2917375038276350553","neow_bonus_log":{"cardsObtained":[],"cardsUpgraded":[],"cardsRemoved":[],"cardsTransformed":[],"relicsObtained":["Tiny House"],"maxHpGained":0,"goldGained":0,"damageTaken":0,"goldLost":0,"maxHpLost":0},"potions_obtained":[{"floor":0,"key":"PowerPotion"},{"floor":1,"key":"PowerPotion"},{"floor":7,"key":"Weak Potion"},{"floor":12,"key":"ColorlessPotion"},{"floor":13,"key":"PotionOfCapacity"},{"floor":20,"key":"AttackPotion"},{"floor":27,"key":"Block Potion"},{"floor":31,"key":"Strength Potion"},{"floor":33,"key":"AttackPotion"},{"floor":36,"key":"PotionOfCapacity"},{"floor":41,"key":"DistilledChaos"},{"floor":46,"key":"Block Potion"}],"is_trial":false,"path_per_floor":["M","?","$","M","?","R","E","R","T","M","M","?","E","?","R","B",null,"M","$","M","?","?","R","?","E","T","E","R","?","R","E","R","B",null,"M","M","?","M","M","E","M","R","T","?","M","M","M","$","R","B","B",null,"R","$","E","B",null],"character_chosen":"DEFECT","items_purchased":["Membership Card","Capacitor","Toy Ornithopter","PowerPotion","OrangePellets","Biased Cognition+1","Compile Driver","DuplicationPotion","FocusPotion","Orrery","Defragment+1"],"campfire_rested":1,"item_purchase_floors":[19,19,19,19,48,48,48,48,48,54,54],"current_hp_per_floor":[60,37,37,37,30,30,27,27,27,24,22,22,20,20,20,17,61,50,50,47,47,40,40,40,35,35,26,26,26,48,57,57,31,65,65,65,65,65,64,73,73,73,73,63,48,47,47,47,47,46,35,66,66,66,66,73],"gold":65,"neow_bonus":"BOSS_RELIC","is_prod":false,"is_daily":false,"rewards_skipped":[],"chose_seed":false,"campfire_upgraded":5,"win_rate":0,"floor_exit_playtime":[185,195,234,298,334,350,434,474,481,623,721,825,932,960,972,1123,1203,1336,1429,1556,1566,1739,1750,1768,1920,1939,2105,2140,2172,2177,2290,2304,2560,2654,2708,2797,2845,2946,3048,3262,3364,3380,3387,3432,3538,3681,3767,3836,3840,3985,4337,4349,4402,4458,4571,4889],"timestamp":1656189684,"blue_key_relic_skipped_log":{"floor":26,"relicID":"Sundial"},"path_taken":["M","?","$","M","?","R","E","R","T","M","M","?","E","?","R","BOSS","M","$","M","?","?","R","?","E","T","E","R","?","R","E","R","BOSS","M","?","?","M","?","E","M","R","T","?","M","M","M","$","R","BOSS","BOSS","R","$","E","BOSS"],"build_version":"2022-03-07","purchased_purges":2,"victory":true,"max_hp_per_floor":[76,76,76,76,76,76,76,76,76,76,76,76,76,76,76,76,76,76,76,76,76,76,76,76,76,76,76,76,76,76,76,76,76,76,76,76,76,76,76,76,76,76,76,76,76,76,76,76,76,76,76,76,76,76,76,76],"relic_stats":{"Girya":3,"Torii":15,"counters":[28,143],"Bag of Preparation":[14],"Whetstone":["Compile Driver","Go for the Eyes"],"Ancient Tea Set":[4],"OrangePellets":[13],"Matryoshka":2,"Mummified Hand":[139],"Prayer Wheel":4,"Membership Card":551,"obtain_stats":[{"Potion Belt":26,"Girya":7,"Tiny House":0,"Torii":25,"Oddly Smooth Stone":9,"Bag of Preparation":43,"Whetstone":55,"Odd Mushroom":12,"Frozen Egg 2":31,"Empty Cage":34,"Ancient Tea Set":43,"Runic Dome":17,"OrangePellets":48,"Matryoshka":13,"Mummified Hand":27,"Orrery":54,"Prayer Wheel":40,"Red Mask":22,"Membership Card":19,"Cracked Core":0,"Toy Ornithopter":19},{"Potion Belt":12,"Girya":3,"Tiny House":0,"Torii":12,"Oddly Smooth Stone":3,"Bag of Preparation":21,"Whetstone":27,"Odd Mushroom":6,"Frozen Egg 2":14,"Empty Cage":15,"Ancient Tea Set":21,"Runic Dome":8,"OrangePellets":24,"Matryoshka":7,"Mummified Hand":13,"Orrery":26,"Prayer Wheel":20,"Red Mask":11,"Membership Card":9,"Cracked Core":0,"Toy Ornithopter":9},{"Potion Belt":53,"Girya":9,"Tiny House":0,"Torii":53,"Oddly Smooth Stone":9,"Bag of Preparation":106,"Whetstone":138,"Odd Mushroom":23,"Frozen Egg 2":63,"Empty Cage":75,"Ancient Tea Set":106,"Runic Dome":35,"OrangePellets":118,"Matryoshka":28,"Mummified Hand":59,"Orrery":135,"Prayer Wheel":102,"Red Mask":47,"Membership Card":39,"Cracked Core":0,"Toy Ornithopter":39}],"Toy Ornithopter":49},"card_choices":[{"not_picked":["Hello World","Steam"],"picked":"Beam Cell","floor":0},{"not_picked":["Steam","Fusion"],"picked":"Go for the Eyes","floor":1},{"not_picked":["Steam","Turbo"],"picked":"Lockon","floor":4},{"not_picked":["Consume","Tempest"],"picked":"Rainbow","floor":7},{"not_picked":["Lockon","Coolheaded"],"picked":"Conserve Battery","floor":10},{"not_picked":["Skim","Leap"],"picked":"Ball Lightning","floor":11},{"not_picked":["Hologram","Tempest"],"picked":"Ball Lightning","floor":12},{"not_picked":["Tempest","Stack"],"picked":"Conserve Battery","floor":13},{"not_picked":["Hyperbeam","All For One"],"picked":"Biased Cognition","floor":16},{"not_picked":["Hologram+1","Coolheaded"],"picked":"Chill","floor":18},{"not_picked":["Rebound","Heatsinks"],"picked":"Compile Driver","floor":20},{"not_picked":["BootSequence","Go for the Eyes"],"picked":"Steam Power+1","floor":22},{"not_picked":["Turbo","Skim"],"picked":"Chill+1","floor":25},{"not_picked":["Double Energy","Stack"],"picked":"Echo Form","floor":27},{"not_picked":["Hologram+1","Compile Driver"],"picked":"Genetic Algorithm+1","floor":31},{"not_picked":["Multi-Cast","Meteor Strike"],"picked":"Thunder Strike","floor":33},{"not_picked":["Reinforced Body","Streamline"],"picked":"Conserve Battery+1","floor":35},{"not_picked":["Melter+1","Redo"],"picked":"Loop+1","floor":36},{"not_picked":["Stack","Ball Lightning"],"picked":"Compile Driver","floor":38},{"not_picked":["Go for the Eyes","Redo"],"picked":"Machine Learning+1","floor":39},{"not_picked":["Sunder","Gash+1"],"picked":"Consume","floor":40},{"not_picked":["Rebound","Stack"],"picked":"Turbo+1","floor":41},{"not_picked":["Gash","Auto Shields","Genetic Algorithm+1"],"picked":"SKIP","floor":41},{"not_picked":["Madness","Swift Strike"],"picked":"Blind","floor":44},{"not_picked":["Madness","Transmutation","Sadistic Nature+1"],"picked":"SKIP","floor":44},{"not_picked":["Swift Strike","Transmutation","Impatience"],"picked":"SKIP","floor":44},{"not_picked":["Steam","Sweeping Beam"],"picked":"Aggregate+1","floor":45},{"not_picked":["Ball Lightning+1","Leap","Streamline"],"picked":"SKIP","floor":45},{"not_picked":["Hello World+1","Compile Driver+1"],"picked":"Storm+1","floor":46},{"not_picked":["Blizzard","Beam Cell"],"picked":"Seek","floor":46},{"not_picked":["Skim","Steam Power"],"picked":"Loop+1","floor":47},{"not_picked":["Turbo","Rebound","Steam"],"picked":"SKIP","floor":47},{"not_picked":["Steam Power+1","Undo+1"],"picked":"Loop+1","floor":54},{"not_picked":["Steam+1","Self Repair+1"],"picked":"Coolheaded","floor":54},{"not_picked":["Redo","Ball Lightning"],"picked":"Glacier+1","floor":54},{"not_picked":["BootSequence","Stack"],"picked":"White Noise","floor":54},{"not_picked":["Double Energy+1","Stack","Darkness+1"],"picked":"SKIP","floor":54},{"not_picked":["Go for the Eyes","Double Energy+1"],"picked":"Thunder Strike","floor":55}],"player_experience":7253986,"relics_obtained":[{"floor":7,"key":"Girya"},{"floor":9,"key":"Oddly Smooth Stone"},{"floor":12,"key":"Odd Mushroom"},{"floor":13,"key":"Matryoshka"},{"floor":22,"key":"Red Mask"},{"floor":25,"key":"Torii"},{"floor":26,"key":"Potion Belt"},{"floor":27,"key":"Mummified Hand"},{"floor":31,"key":"Frozen Egg 2"},{"floor":40,"key":"Prayer Wheel"},{"floor":43,"key":"Bag of Preparation"},{"floor":43,"key":"Ancient Tea Set"},{"floor":55,"key":"Whetstone"}],"event_choices":[{"damage_healed":0,"gold_gain":0,"player_choice":"Entered Light","damage_taken":23,"max_hp_gain":0,"max_hp_loss":0,"event_name":"Shining Light","floor":2,"gold_loss":0,"cards_upgraded":["Defend_B","Strike_B"]},{"cards_removed":["Strike_B"],"damage_healed":0,"gold_gain":0,"player_choice":"Card Removal","damage_taken":7,"max_hp_gain":0,"max_hp_loss":0,"event_name":"Golden Wing","floor":5,"gold_loss":0},{"damage_healed":0,"gold_gain":0,"player_choice":"Fought Mushrooms","damage_taken":0,"max_hp_gain":0,"max_hp_loss":0,"event_name":"Mushrooms","floor":12,"gold_loss":0},{"damage_healed":0,"gold_gain":0,"cards_transformed":["Strike_B"],"player_choice":"Change","damage_taken":0,"max_hp_gain":0,"max_hp_loss":0,"event_name":"Living Wall","floor":14,"gold_loss":0,"cards_obtained":["Heatsinks"]},{"damage_healed":0,"gold_gain":50,"player_choice":"Stole From Cult","damage_taken":0,"max_hp_gain":0,"max_hp_loss":0,"event_name":"Nest","floor":21,"gold_loss":0},{"damage_healed":0,"gold_gain":0,"player_choice":"Fought Bandits","damage_taken":0,"max_hp_gain":0,"max_hp_loss":0,"event_name":"Masked Bandits","floor":22,"gold_loss":0},{"damage_healed":0,"gold_gain":0,"player_choice":"Ignored","damage_taken":0,"max_hp_gain":0,"max_hp_loss":0,"event_name":"Vampires","floor":24,"gold_loss":0},{"damage_healed":0,"gold_gain":0,"player_choice":"Bet on Murderer","damage_taken":0,"max_hp_gain":0,"max_hp_loss":0,"event_name":"The Joust","floor":29,"gold_loss":50},{"cards_removed":["Defend_B"],"damage_healed":0,"gold_gain":0,"player_choice":"Offered Basic","damage_taken":0,"max_hp_gain":0,"max_hp_loss":0,"event_name":"Bonfire Elementals","floor":37,"gold_loss":0},{"damage_healed":0,"gold_gain":0,"player_choice":"Memory 3","damage_taken":10,"max_hp_gain":0,"max_hp_loss":0,"event_name":"SensoryStone","floor":44,"gold_loss":0}],"is_beta":false,"boss_relics":[{"not_picked":["Busted Crown","Sozu"],"picked":"Runic Dome"},{"not_picked":["Pandora\u0027s Box","Nuclear Battery"],"picked":"Empty Cage"}],"items_purged_floors":[3,48],"is_endless":false,"potions_floor_spawned":[1,7,12,13,20,27,31,33,36,41,46],"ascension_level":20,"potion_discard_per_floor":[[],[],[],[],[],[],[],[],[],[],[],[],[],[],[],[],[],[],[],[],[],[],[],[],[],[],[],[],[],[],[],[],[],[],[],[],[],[],[],[],[],[],[],[],[],[],[],["Strength Potion"],[],[],[],[],[],[],[],[],[]]}