{"neow_bonuses_skipped_log":["TRANSFORM_CARD","TRANSFORM_TWO_CARDS","BOSS_RELIC"],"neow_costs_skipped_log":["NONE","CURSE","NONE"],"gold_per_floor":[218,218,1,11,11,11,46,64,64,64,90,90,118,131,131,205,205,216,216,76,89,89],"floor_reached":22,"playtime":2330,"items_purged":["Strike_B","Dualcast"],"score":454,"play_id":"8f03ecb9-5799-4282-85c5-3dfe50475118","local_time":"20220625150415","score_breakdown":["Floors Climbed (22): 110","Enemies Slain (6): 12","Exordium Elites Killed (3): 30","City Elites Killed (0): 0","Bosses Slain (1): 50","Champion (1): 25","Ascension (20): 227"],"is_ascension_mode":true,"campfire_choices":[{"data":"Zap","floor":6,"key":"SMITH"},{"data":"Recycle","floor":10,"key":"SMITH"},{"data":"Buffer","floor":15,"key":"SMITH"}],"neow_cost":"NONE","seed_source_timestamp":3651304087195600,"shop_contents":[{"floor":3,"relics":["Centennial Puzzle","Anchor"],"cards":["Beam Cell","Blizzard","Conserve Battery","Auto Shields","Enlightenment","Secret Technique"],"potions":["Block Potion","SneckoOil","Energy Potion"]},{"floor":20,"relics":["Toy Ornithopter","Bag of Marbles","Sling"],"cards":["Rebound","Hyperbeam","Consume","Undo","Violence"],"potions":["FearPotion","SteroidPotion","Ancient Potion"]}],"circlet_count":0,"master_deck":["AscendersBane","Strike_B","Strike_B","Defend_B","Defend_B","Defend_B","Defend_B","Zap+1","Rebound","Hello World","Beam Cell+1","Recycle+1","Gash","Buffer+1","FTL","Fission","Hologram","Self Repair","Swift Strike","Gash"],"potion_use_per_floor":[[],[],[],[],[],[],["SteroidPotion"],[],[],[],["Block Potion"],[],["Strength Potion"],[],[],[],[],[],[],[],["LiquidMemories"],[]],"relics":["Cracked Core","Membership Card","Unceasing Top","Calipers","Bottled Flame","Ancient Tea Set","Runic Dome"],"potions_floor_usage":[7,11,13,21],"damage_taken":[{"damage":1,"enemies":"Small Slimes","floor":1,"turns":4},{"damage":6,"enemies":"Jaw Worm","floor":4,"turns":5},{"damage":11,"enemies":"Gremlin Nob","floor":7,"turns":3},{"damage":6,"enemies":"Cultist","floor":8,"turns":3},{"damage":17,"enemies":"3 Sentries","floor":11,"turns":8},{"damage":0,"enemies":"Gremlin Nob","floor":13,"turns":3},{"damage":13,"enemies":"Large Slime","floor":14,"turns":3},{"damage":6,"enemies":"Slime Boss","floor":16,"turns":7},{"damage":20,"enemies":"3 Byrds","floor":18,"turns":5},{"damage":6,"enemies":"2 Thieves","floor":21,"turns":3},{"damage":33,"enemies":"Masked Bandits","floor":22,"turns":2}],"seed_played":"79831221776037954","neow_bonus_log":{"cardsObtained":[],"cardsUpgraded":[],"cardsRemoved":[],"cardsTransformed":[],"relicsObtained":[],"maxHpGained":0,"goldGained":100,"damageTaken":0,"goldLost":0,"maxHpLost":0},"potions_obtained":[{"floor":4,"key":"SteroidPotion"},{"floor":7,"key":"Block Potion"},{"floor":11,"key":"Strength Potion"},{"floor":14,"key":"LiquidMemories"}],"is_trial":false,"path_per_floor":["M","?","$","M","?","R","E","M","T","R","E","?","E","M","R","B",null,"M","?","$","M","?"],"character_chosen":"DEFECT","items_purchased":["Membership Card","Hello World","Self Repair","Swift Strike"],"campfire_rested":0,"item_purchase_floors":[3,3,20,20],"current_hp_per_floor":[63,56,56,50,50,50,39,33,33,33,16,39,39,26,26,20,58,38,28,28,29,0],"gold":89,"neow_bonus":"HUNDRED_GOLD","is_prod":false,"is_daily":false,"rewards_skipped":[],"chose_seed":false,"campfire_upgraded":3,"win_rate":0,"floor_exit_playtime":[333,367,514,657,738,745,900,946,960,972,1177,1193,1386,1459,1465,1759,1910,2058,2075,2182,2277],"timestamp":1656183855,"path_taken":["M","?","$","M","?","R","E","M","T","R","E","?","E","M","R","BOSS","M","?","$","?","?"],"build_version":"2022-03-07","purchased_purges":2,"victory":false,"max_hp_per_floor":[71,71,71,71,71,71,71,71,71,71,71,71,71,71,71,71,71,71,71,71,71,71],"relic_stats":{"Bottled Flame":"Beam Cell","Calipers":[0],"counters":[11,46],"Membership Card":194,"Ancient Tea Set":[2],"obtain_stats":[{"Runic Dome":17,"Bottled Flame":11,"Calipers":9,"Membership Card":3,"Cracked Core":0,"Ancient Tea Set":13,"Unceasing Top":7},{"Runic Dome":8,"Bottled Flame":5,"Calipers":4,"Membership Card":1,"Cracked Core":0,"Ancient Tea Set":6,"Unceasing Top":3},{"Runic Dome":36,"Bottled Flame":23,"Calipers":15,"Membership Card":4,"Cracked Core":0,"Ancient Tea Set":26,"Unceasing Top":12}],"Unceasing Top":[46]},"card_choices":[{"not_picked":["Hologram","Compile Driver"],"picked":"Rebound","floor":1},{"not_picked":["White Noise","Capacitor"],"picked":"Beam Cell","floor":4},{"not_picked":["Rip and Tear","Chill"],"picked":"Recycle","floor":7},{"not_picked":["Undo","Barrage"],"picked":"Gash","floor":8},{"not_picked":["Reinforced Body","Self Repair"],"picked":"Buffer","floor":11},{"not_picked":["Auto Shields","Recycle"],"picked":"FTL","floor":13},{"not_picked":["Stack","Turbo","Compile Driver"],"picked":"SKIP","floor":14},{"not_picked":["Machine Learning","Thunder Strike"],"picked":"Fission","floor":16},{"not_picked":["White Noise","Reinforced Body"],"picked":"Hologram","floor":18},{"not_picked":["Go for the Eyes","Barrage"],"picked":"Gash","floor":21}],"player_experience":7250771,"relics_obtained":[{"floor":7,"key":"Unceasing Top"},{"floor":9,"key":"Calipers"},{"floor":11,"key":"Bottled Flame"},{"floor":13,"key":"Ancient Tea Set"}],"event_choices":[{"cards_removed":["Strike_B"],"damage_healed":0,"gold_gain":0,"player_choice":"Card Removal","damage_taken":7,"max_hp_gain":0,"max_hp_loss":0,"event_name":"Golden Wing","floor":2,"gold_loss":0},{"damage_healed":0,"gold_gain":0,"player_choice":"Grow","damage_taken":0,"max_hp_gain":0,"max_hp_loss":0,"event_name":"Living Wall","floor":5,"gold_loss":0,"cards_upgraded":["Beam Cell"]},{"damage_healed":23,"gold_gain":0,"player_choice":"Banana","damage_taken":0,"max_hp_gain":0,"max_hp_loss":0,"event_name":"Big Fish","floor":12,"gold_loss":0},{"damage_healed":0,"gold_gain":0,"player_choice":"Damaged","damage_taken":10,"max_hp_gain":0,"max_hp_loss":0,"event_name":"Wheel of Change","floor":19,"gold_loss":0},{"damage_healed":0,"gold_gain":0,"player_choice":"Fought Bandits","damage_taken":0,"max_hp_gain":0,"max_hp_loss":0,"event_name":"Masked Bandits","floor":22,"gold_loss":0}],"is_beta":false,"boss_relics":[{"not_picked":["Velvet Choker","Calling Bell"],"picked":"Runic Dome"}],"items_purged_floors":[3,20],"is_endless":false,"potions_floor_spawned":[4,7,11,14],"killed_by":"Masked Bandits","ascension_level":20,"potion_discard_per_floor":[[],[],[],[],[],[],[],[],[],[],[],[],[],[],[],[],[],[],[],[],[],[]]}