{"neow_bonuses_skipped_log":["THREE_CARDS","RANDOM_COMMON_RELIC","TRANSFORM_TWO_CARDS"],"neow_costs_skipped_log":["NONE","NONE","NO_GOLD"],"gold_per_floor":[113,12,12,23,43,43,73,92,92,92,105,105,130,147,147,225,225,241,241,253,265,265,265,296,10,10,10,10,10,29,45,45,122,122,140,159,434,448,217,248,248,280,280,280,160,186,211,263,263,263,263,263,263,125,154,154],"floor_reached":57,"playtime":4889,"items_purged":["Strike_B","Reprogram+1","Regret","Auto Shields"],"score":2911,"play_id":"ed4c7308-4798-4bd4-bc6a-2903d02159fc","local_time":"20220630163131","score_breakdown":["Floors Climbed (57): 285","Enemies Slain (14): 28","Exordium Elites Killed (2): 20","City Elites Killed (1): 20","Beyond Elites Killed (3): 90","Bosses Slain (5): 750","Money Money (1071): 25","Champion (3): 75","Overkill: 25","C-c-c-combo: 25","Ascension (20): 1318","Heartbreaker: 250"],"is_ascension_mode":true,"campfire_choices":[{"data":"Static Discharge","floor":6,"key":"SMITH"},{"data":"Sweeping Beam","floor":10,"key":"SMITH"},{"data":"Loop","floor":15,"key":"SMITH"},{"data":"Hologram","floor":23,"key":"SMITH"},{"data":"Recycle","floor":27,"key":"SMITH"},{"data":"Biased Cognition","floor":29,"key":"SMITH"},{"data":"Coolheaded","floor":32,"key":"SMITH"},{"floor":41,"key":"RECALL"},{"data":"Coolheaded","floor":44,"key":"SMITH"},{"data":"Seek","floor":49,"key":"SMITH"},{"data":"Master of Strategy","floor":53,"key":"SMITH"}],"neow_cost":"NONE","seed_source_timestamp":4085946005217800,"shop_contents":[{"floor":2,"relics":["Singing Bowl","Question Card","Frozen Eye"],"cards":["Barrage","Leap","Steam","Defragment","Trip","Secret Technique"],"potions":["SteroidPotion","Block Potion","DuplicationPotion"]},{"floor":25,"relics":["CeramicFish","Dream Catcher","Cauldron"],"cards":["Cold Snap","Compile Driver","Turbo","Amplify","Capacitor","Finesse"],"potions":["SpeedPotion","DistilledChaos","Weak Potion"]},{"floor":39,"relics":["Bag of Marbles","Du-Vu Doll","Nunchaku"],"cards":["Scrape","Sunder","Stack","Coolheaded","Static Discharge","Impatience","HandOfGreed"],"potions":["LiquidMemories","SteroidPotion","SpeedPotion"]},{"floor":45,"relics":["FossilizedHelix","Vajra","Orrery"],"cards":["Hyperbeam","FTL","Force Field","Steam Power","Defragment","Discovery","HandOfGreed"],"potions":["FocusPotion","ColorlessPotion","SteroidPotion"]},{"floor":54,"relics":["Toy Ornithopter","Oddly Smooth Stone","Shuriken"],"cards":["Barrage","Gash","Hologram","Glacier","Defragment","Bandage Up","Secret Technique"],"potions":["SmokeBomb","Swift Potion","Energy Potion"]}],"circlet_count":0,"master_deck":["AscendersBane","Self Repair","Compile Driver","Static Discharge+1","Compile Driver","Leap","Chill","Sweeping Beam+1","Coolheaded+1","Loop+1","Electrodynamics","Biased Cognition+1","Force Field+1","Compile Driver+1","Hologram+1","Coolheaded+1","Recycle+1","Master of Strategy+1","Reinforced Body","Creative AI","Hologram","Fusion+1","Core Surge","Seek+1"],"potion_use_per_floor":[[],[],[],[],[],[],[],[],[],[],[],[],[],[],[],[],[],[],[],[],[],[],[],[],[],[],[],[],[],[],[],[],[],[],[],[],[],[],[],[],[],[],[],[],[],[],[],[],[],[],[],[],[],[],[],["DuplicationPotion"],[]],"relics":["Coffee Dripper","Symbiotic Virus","Meat on the Bone","Sundial","Astrolabe","Bronze Scales","The Courier","Empty Cage","TheAbacus","HornCleat","Turnip","Cables","Thread and Needle","Incense Burner","OrangePellets","Blue Candle"],"potions_floor_usage":[56],"damage_taken":[{"damage":3,"enemies":"2 Louse","floor":1,"turns":3},{"damage":12,"enemies":"Jaw Worm","floor":4,"turns":5},{"damage":4,"enemies":"Small Slimes","floor":5,"turns":4},{"damage":26,"enemies":"3 Sentries","floor":7,"turns":7},{"damage":5,"enemies":"2 Fungi Beasts","floor":8,"turns":3},{"damage":0,"enemies":"Looter","floor":11,"turns":4},{"damage":5,"enemies":"Lagavulin","floor":13,"turns":8},{"damage":4,"enemies":"Lots of Slimes","floor":14,"turns":3},{"damage":21,"enemies":"Hexaghost","floor":16,"turns":6},{"damage":19,"enemies":"Shell Parasite","floor":18,"turns":4},{"damage":12,"enemies":"2 Thieves","floor":20,"turns":4},{"damage":0,"enemies":"3 Cultists","floor":21,"turns":4},{"damage":0,"enemies":"Gremlin Leader","floor":24,"turns":6},{"damage":0,"enemies":"Shelled Parasite and Fungi","floor":30,"turns":5},{"damage":4,"enemies":"Snake Plant","floor":31,"turns":3},{"damage":4,"enemies":"Champ","floor":33,"turns":5},{"damage":0,"enemies":"3 Shapes","floor":35,"turns":4},{"damage":0,"enemies":"Orb Walker","floor":36,"turns":4},{"damage":21,"enemies":"Transient","floor":38,"turns":6},{"damage":0,"enemies":"Giant Head","floor":40,"turns":3},{"damage":51,"enemies":"Reptomancer","floor":42,"turns":6},{"damage":6,"enemies":"Giant Head","floor":46,"turns":3},{"damage":0,"enemies":"Mind Bloom Boss Battle","floor":47,"turns":3},{"damage":16,"enemies":"2 Orb Walkers","floor":48,"turns":3},{"damage":11,"enemies":"Donu and Deca","floor":50,"turns":4},{"damage":20,"enemies":"Time Eater","floor":51,"turns":12},{"damage":0,"enemies":"Shield and Spear","floor":55,"turns":5},{"damage":11,"enemies":"The Heart","floor":56,"turns":7}],"seed_played":"3284571119609835653","neow_bonus_log":{"cardsObtained":[],"cardsUpgraded":[],"cardsRemoved":[],"cardsTransformed":[],"relicsObtained":["Coffee Dripper"],"maxHpGained":0,"goldGained":0,"damageTaken":0,"goldLost":0,"maxHpLost":0},"potions_obtained":[{"floor":1,"key":"SteroidPotion"},{"floor":7,"key":"SpeedPotion"},{"floor":8,"key":"BlessingOfTheForge"},{"floor":16,"key":"FairyPotion"},{"floor":30,"key":"Fire Potion"},{"floor":31,"key":"Block Potion"},{"floor":40,"key":"Ancient Potion"},{"floor":46,"key":"DuplicationPotion"}],"is_trial":false,"path_per_floor":["M","$","?","M","M","R","E","M","T","R","M","?","E","M","R","B",null,"M","?","M","M","?","R","E","$","T","R","?","R","M","M","R","B",null,"M","M","?","M","$","E","R","E","T","R","$","E","?","?","R","B","B",null,"R","$","E","B",null],"character_chosen":"DEFECT","items_purchased":["Compile Driver","Master of Strategy","TheAbacus","OrangePellets"],"campfire_rested":0,"item_purchase_floors":[2,25,39,54],"current_hp_per_floor":[61,61,61,56,59,59,40,42,42,42,49,42,44,47,47,45,65,53,53,48,55,35,35,54,54,54,54,54,54,61,64,64,67,74,76,76,76,62,62,69,69,37,37,37,37,50,57,48,48,56,55,71,71,71,76,72],"gold":154,"neow_bonus":"BOSS_RELIC","is_prod":false,"is_daily":false,"rewards_skipped":[{"floor":21,"relics":[],"potions":["EssenceOfSteel"]},{"floor":38,"relics":[],"potions":["SkillPotion"]},{"floor":48,"relics":[],"potions":["SneckoOil"]}],"chose_seed":false,"campfire_upgraded":10,"win_rate":0,"floor_exit_playtime":[78,107,137,197,315,323,448,527,536,545,601,608,753,846,857,1015,1182,1275,1278,1374,1485,1492,1523,1735,1812,1818,1892,1915,1923,2042,2088,2098,2365,2423,2504,2586,2604,2857,2913,3070,3075,3229,3237,3250,3300,3456,3626,3732,3741,4003,4316,4337,4351,4384,4566,4889],"timestamp":1656621091,"blue_key_relic_skipped_log":{"floor":43,"relicID":"Mummified Hand"},"path_taken":["M","$","?","M","M","R","E","M","T","R","M","?","E","M","R","BOSS","M","?","M","M","?","R","E","$","T","R","?","R","M","M","R","BOSS","M","M","?","?","$","E","R","E","T","R","$","E","?","?","R","BOSS","BOSS","R","$","E","BOSS"],"build_version":"2022-03-07","purchased_purges":4,"victory":true,"max_hp_per_floor":[71,71,71,71,71,71,71,71,71,71,71,71,71,71,71,71,71,71,71,71,71,76,76,76,76,76,76,76,76,76,76,76,76,76,76,76,76,76,76,76,76,76,76,76,76,76,76,76,76,76,76,76,76,76,76,76],"relic_stats":{"OrangePellets":[3],"TheAbacus":[1944],"counters":[28,134],"Sundial":[334],"Astrolabe":["Force Field","Reprogram","Compile Driver"],"Bronze Scales":[340],"Blue Candle":[0],"The Courier":123,"Turnip":[2],"obtain_stats":[{"Astrolabe":17,"Blue Candle":55,"Thread and Needle":47,"The Courier":26,"Incense Burner":48,"Empty Cage":34,"Cables":46,"OrangePellets":54,"TheAbacus":39,"HornCleat":40,"Sundial":13,"Bronze Scales":24,"Turnip":42,"Coffee Dripper":0,"Cracked Core":0,"Symbiotic Virus":7,"Meat on the Bone":9},{"Astrolabe":9,"Blue Candle":27,"Thread and Needle":23,"The Courier":13,"Incense Burner":24,"Empty Cage":16,"Cables":22,"OrangePellets":26,"TheAbacus":19,"HornCleat":20,"Sundial":7,"Bronze Scales":13,"Turnip":21,"Coffee Dripper":0,"Cracked Core":0,"Symbiotic Virus":4,"Meat on the Bone":5},{"Astrolabe":43,"Blue Candle":127,"Thread and Needle":103,"The Courier":61,"Incense Burner":106,"Empty Cage":74,"Cables":100,"OrangePellets":122,"TheAbacus":88,"HornCleat":91,"Sundial":34,"Bronze Scales":61,"Turnip":97,"Coffee Dripper":0,"Cracked Core":0,"Symbiotic Virus":19,"Meat on the Bone":22}],"Meat on the Bone":72,"Cables":[36,11,5,14,6]},"card_choices":[{"not_picked":["Rip and Tear","Ball Lightning"],"picked":"Self Repair","floor":1},{"not_picked":["Redo","Coolheaded"],"picked":"Compile Driver","floor":4},{"not_picked":["Tempest","Scrape"],"picked":"Leap","floor":5},{"not_picked":["Darkness","Go for the Eyes"],"picked":"Chill","floor":7},{"not_picked":["Go for the Eyes","Turbo"],"picked":"Sweeping Beam","floor":8},{"not_picked":["Reinforced Body","Doom and Gloom"],"picked":"Coolheaded","floor":11},{"not_picked":["Turbo","Auto Shields"],"picked":"Loop","floor":13},{"not_picked":["Ball Lightning","Lockon"],"picked":"Electrodynamics","floor":14},{"not_picked":["Meteor Strike","Seek"],"picked":"Biased Cognition","floor":16},{"not_picked":["Redo","Streamline"],"picked":"Hologram","floor":18},{"not_picked":["Barrage","Stack"],"picked":"Coolheaded","floor":20},{"not_picked":["Rebound","Chill"],"picked":"Recycle","floor":21},{"not_picked":["Rebound","Darkness","Sweeping Beam"],"picked":"SKIP","floor":24},{"not_picked":["Cold Snap","Force Field","Darkness"],"picked":"SKIP","floor":30},{"not_picked":["Barrage+1","Auto Shields","Leap"],"picked":"SKIP","floor":31},{"not_picked":["Buffer","Multi-Cast"],"picked":"Creative AI","floor":33},{"not_picked":["Gash","Reprogram+1"],"picked":"Hologram","floor":35},{"not_picked":["Sunder+1","Compile Driver","Barrage"],"picked":"SKIP","floor":36},{"not_picked":["Go for the Eyes+1","Double Energy","Steam"],"picked":"SKIP","floor":38},{"not_picked":["Go for the Eyes","Hologram+1"],"picked":"Fusion+1","floor":40},{"not_picked":["Loop+1","Gash"],"picked":"Core Surge","floor":42},{"not_picked":["Creative AI","Scrape+1","Electrodynamics"],"picked":"SKIP","floor":46},{"not_picked":["Turbo+1","Blizzard","Barrage"],"picked":"SKIP","floor":47},{"not_picked":["Streamline","Rebound"],"picked":"Seek","floor":48},{"not_picked":["Turbo","Ball Lightning+1","Gash"],"picked":"SKIP","floor":55}],"player_experience":7284465,"relics_obtained":[{"floor":7,"key":"Symbiotic Virus"},{"floor":9,"key":"Meat on the Bone"},{"floor":13,"key":"Sundial"},{"floor":24,"key":"Bronze Scales"},{"floor":26,"key":"The Courier"},{"floor":40,"key":"HornCleat"},{"floor":42,"key":"Turnip"},{"floor":46,"key":"Cables"},{"floor":47,"key":"Thread and Needle"},{"floor":48,"key":"Incense Burner"},{"floor":55,"key":"Blue Candle"}],"event_choices":[{"damage_healed":0,"gold_gain":0,"cards_transformed":["Dualcast"],"player_choice":"Change","damage_taken":0,"max_hp_gain":0,"max_hp_loss":0,"event_name":"Living Wall","floor":3,"gold_loss":0,"cards_obtained":["Static Discharge"]},{"cards_removed":["Strike_B"],"damage_healed":0,"gold_gain":0,"player_choice":"Card Removal","damage_taken":7,"max_hp_gain":0,"max_hp_loss":0,"event_name":"Golden Wing","floor":12,"gold_loss":0},{"damage_healed":0,"gold_gain":0,"player_choice":"Ignored","damage_taken":0,"max_hp_gain":0,"max_hp_loss":0,"event_name":"The Mausoleum","floor":19,"gold_loss":0},{"damage_healed":0,"gold_gain":0,"player_choice":"Shed Blood","damage_taken":25,"max_hp_gain":5,"max_hp_loss":0,"event_name":"Forgotten Altar","floor":22,"gold_loss":0},{"damage_healed":0,"gold_gain":0,"cards_transformed":["Defend_B","Zap"],"player_choice":"Became Test Subject","damage_taken":0,"max_hp_gain":0,"max_hp_loss":0,"event_name":"Drug Dealer","floor":28,"gold_loss":0,"cards_obtained":["Auto Shields","Reinforced Body"]},{"damage_healed":0,"gold_gain":275,"player_choice":"Desecrate","damage_taken":0,"max_hp_gain":0,"max_hp_loss":0,"event_name":"Golden Shrine","floor":37,"gold_loss":0,"cards_obtained":["Regret"]},{"damage_healed":0,"gold_gain":0,"player_choice":"Fight","damage_taken":0,"max_hp_gain":0,"max_hp_loss":0,"event_name":"MindBloom","floor":47,"gold_loss":0},{"damage_healed":0,"gold_gain":0,"player_choice":"Fight","damage_taken":0,"max_hp_gain":0,"max_hp_loss":0,"event_name":"Mysterious Sphere","floor":48,"gold_loss":0}],"is_beta":false,"boss_relics":[{"not_picked":["Nuclear Battery","Snecko Eye"],"picked":"Astrolabe"},{"not_picked":["Philosopher\u0027s Stone","Cursed Key"],"picked":"Empty Cage"}],"items_purged_floors":[2,25,39,45],"is_endless":false,"potions_floor_spawned":[1,7,8,16,21,30,31,38,40,46,48],"ascension_level":20,"potion_discard_per_floor":[[],[],[],[],[],[],[],["SpeedPotion"],[],[],[],[],[],[],[],["BlessingOfTheForge"],[],[],[],[],[],[],[],[],[],[],[],[],[],["SteroidPotion"],["Fire Potion"],[],[],[],[],[],[],[],[],["Block Potion"],[],[],[],[],[],["Ancient Potion"],[],[],[],[],[],[],[],[],[],[],[]]}