{"neow_bonuses_skipped_log":["THREE_SMALL_POTIONS","RANDOM_COLORLESS_2","BOSS_RELIC"],"neow_costs_skipped_log":["NONE","CURSE","NONE"],"gold_per_floor":[117,137,152,152,171,171,189,189,214,233,262,262,262,288,288,367,367,382,394,414,425,456,456,456],"floor_reached":24,"playtime":2326,"items_purged":[],"score":620,"play_id":"efb2c399-6493-45d2-b279-08a349eb7830","local_time":"20220630150927","score_breakdown":["Floors Climbed (24): 120","Enemies Slain (10): 20","Exordium Elites Killed (2): 20","City Elites Killed (0): 0","Bosses Slain (1): 50","Champion (2): 50","Perfect (1): 50","Ascension (20): 310"],"is_ascension_mode":true,"campfire_choices":[{"data":"Barrage","floor":6,"key":"SMITH"},{"data":"Sunder","floor":8,"key":"SMITH"},{"floor":13,"key":"REST"},{"data":"Hologram","floor":15,"key":"SMITH"},{"data":"Chill","floor":23,"key":"SMITH"}],"neow_cost":"NONE","seed_source_timestamp":4083609710748500,"shop_contents":[],"circlet_count":0,"master_deck":["AscendersBane","Strike_B","Strike_B","Strike_B","Defend_B","Defend_B","Defend_B","Defend_B","Zap","Dualcast","Echo Form","Leap","Chill+1","Ball Lightning","Barrage+1","Glacier","Sunder+1","Undo","Hologram+1","Echo Form","Machine Learning","Skim","Barrage+1"],"potion_use_per_floor":[[],[],[],[],[],[],["Swift Potion"],[],[],[],[],[],[],[],[],["Fire Potion"],[],[],[],["ColorlessPotion"],["Weak Potion"],[],[],["PowerPotion","Block Potion"]],"relics":["Cracked Core","Blood Vial","Anchor","Coffee Dripper","Red Mask"],"potions_floor_usage":[7,16,20,21,24,24],"damage_taken":[{"damage":8,"enemies":"Small Slimes","floor":1,"turns":3},{"damage":0,"enemies":"2 Louse","floor":2,"turns":2},{"damage":5,"enemies":"Jaw Worm","floor":3,"turns":3},{"damage":9,"enemies":"3 Louse","floor":5,"turns":3},{"damage":9,"enemies":"Looter","floor":7,"turns":3},{"damage":13,"enemies":"Exordium Thugs","floor":10,"turns":4},{"damage":0,"enemies":"Lagavulin","floor":11,"turns":6},{"damage":0,"enemies":"3 Sentries","floor":14,"turns":8},{"damage":0,"enemies":"The Guardian","floor":16,"turns":10},{"damage":0,"enemies":"2 Thieves","floor":18,"turns":3},{"damage":2,"enemies":"Shell Parasite","floor":19,"turns":5},{"damage":11,"enemies":"Snecko","floor":20,"turns":5},{"damage":37,"enemies":"Chosen and Byrds","floor":21,"turns":9},{"damage":13,"enemies":"Masked Bandits","floor":22,"turns":5},{"damage":25,"enemies":"Gremlin Leader","floor":24,"turns":6}],"seed_played":"1382541207612219464","neow_bonus_log":{"cardsObtained":["Echo Form"],"cardsUpgraded":[],"cardsRemoved":[],"cardsTransformed":[],"relicsObtained":[],"maxHpGained":0,"goldGained":0,"damageTaken":0,"goldLost":0,"maxHpLost":0},"potions_obtained":[{"floor":2,"key":"Swift Potion"},{"floor":5,"key":"ColorlessPotion"},{"floor":14,"key":"Fire Potion"},{"floor":16,"key":"Weak Potion"},{"floor":21,"key":"PowerPotion"},{"floor":22,"key":"Block Potion"}],"is_trial":false,"path_per_floor":["M","M","M","?","M","R","M","R","T","M","E","?","R","E","R","B",null,"M","M","M","M","?","R","E"],"character_chosen":"DEFECT","items_purchased":[],"campfire_rested":1,"item_purchase_floors":[],"current_hp_per_floor":[56,56,51,51,42,42,33,33,33,20,20,20,41,43,43,45,65,67,67,58,23,12,12,0],"gold":456,"neow_bonus":"ONE_RANDOM_RARE_CARD","is_prod":false,"is_daily":false,"rewards_skipped":[{"floor":18,"relics":[],"potions":["CultistPotion"]}],"chose_seed":false,"campfire_upgraded":4,"win_rate":0,"floor_exit_playtime":[308,382,442,518,636,644,751,762,780,829,918,927,933,1047,1059,1247,1415,1509,1587,1739,1920,2050,2078],"timestamp":1656616167,"blue_key_relic_skipped_log":{"floor":9,"relicID":"Tiny Chest"},"path_taken":["M","M","M","?","M","R","M","R","T","M","E","?","R","E","R","BOSS","M","M","M","M","?","R","E"],"build_version":"2022-03-07","purchased_purges":0,"victory":false,"max_hp_per_floor":[71,71,71,71,71,71,71,71,71,71,71,71,71,71,71,71,71,71,71,71,71,71,71,71],"relic_stats":{"Blood Vial":16,"counters":[15,75],"obtain_stats":[{"Blood Vial":11,"Anchor":14,"Coffee Dripper":17,"Red Mask":22,"Cracked Core":0},{"Blood Vial":7,"Anchor":8,"Coffee Dripper":9,"Red Mask":14,"Cracked Core":0},{"Blood Vial":24,"Anchor":32,"Coffee Dripper":42,"Red Mask":69,"Cracked Core":0}]},"card_choices":[{"not_picked":["Gash","Stack"],"picked":"Leap","floor":1},{"not_picked":["Capacitor","Coolheaded"],"picked":"Chill","floor":2},{"not_picked":["Capacitor","Barrage"],"picked":"Ball Lightning","floor":3},{"not_picked":["Tempest","Reinforced Body"],"picked":"Glacier","floor":5},{"not_picked":["Ball Lightning","Turbo"],"picked":"Sunder","floor":7},{"not_picked":["Heatsinks","Blizzard"],"picked":"Undo","floor":10},{"not_picked":["Conserve Battery","Lockon"],"picked":"Hologram","floor":11},{"not_picked":["Ball Lightning","Auto Shields"],"picked":"Echo Form","floor":14},{"not_picked":["Multi-Cast","Hyperbeam"],"picked":"Machine Learning","floor":16},{"not_picked":["Darkness","Cold Snap"],"picked":"Skim","floor":18},{"not_picked":["Reprogram","White Noise","Lockon"],"picked":"SKIP","floor":19},{"not_picked":["Gash","Steam"],"picked":"Barrage+1","floor":20},{"not_picked":["Stack","Streamline","Rip and Tear"],"picked":"SKIP","floor":21},{"not_picked":["Stack","Streamline","Rip and Tear"],"picked":"SKIP","floor":21},{"not_picked":["Stack","Streamline","Rip and Tear"],"picked":"SKIP","floor":21},{"not_picked":["Streamline","Hologram","Barrage"],"picked":"SKIP","floor":22}],"player_experience":7282139,"relics_obtained":[{"floor":11,"key":"Blood Vial"},{"floor":14,"key":"Anchor"},{"floor":22,"key":"Red Mask"}],"event_choices":[{"damage_healed":0,"gold_gain":0,"cards_transformed":["Strike_B"],"player_choice":"Change","damage_taken":0,"max_hp_gain":0,"max_hp_loss":0,"event_name":"Living Wall","floor":4,"gold_loss":0,"cards_obtained":["Barrage"]},{"damage_healed":0,"gold_gain":0,"player_choice":"Ignored","damage_taken":0,"max_hp_gain":0,"max_hp_loss":0,"event_name":"Liars Game","floor":12,"gold_loss":0},{"damage_healed":0,"gold_gain":0,"player_choice":"Fought Bandits","damage_taken":0,"max_hp_gain":0,"max_hp_loss":0,"event_name":"Masked Bandits","floor":22,"gold_loss":0}],"is_beta":false,"boss_relics":[{"not_picked":["Philosopher\u0027s Stone","Cursed Key"],"picked":"Coffee Dripper"}],"items_purged_floors":[],"is_endless":false,"potions_floor_spawned":[2,5,14,16,18,21,22],"killed_by":"Gremlin Leader","ascension_level":20,"potion_discard_per_floor":[[],[],[],[],[],[],[],[],[],[],[],[],[],[],[],[],[],[],[],[],[],[],[],[]]}