{"gold_per_floor":[369,388,48,67,86,120,120,149,149,149],"floor_reached":10,"playtime":1488,"items_purged":["Regret"],"score":156,"play_id":"390ddb2a-db32-4851-9fc1-f9e3d558b758","local_time":"20220710073034","is_ascension_mode":true,"campfire_choices":[{"data":"Beam Cell","floor":7,"key":"SMITH"}],"neow_cost":"CURSE","seed_source_timestamp":946434987451200,"shop_contents":[{"floor":3,"relics":["Eternal Feather","Juzu Bracelet","Medical Kit"],"cards":["Thunder Strike","Leap","Hologram","Thinking Ahead"],"potions":["Energy Potion","SpeedPotion","SpeedPotion"]}],"circlet_count":0,"master_deck":["AscendersBane","Strike_B","Strike_B","Strike_B","Strike_B","Defend_B","Defend_B","Defend_B","Defend_B","Zap","Dualcast","Sweeping Beam","Leap","Self Repair","Rip and Tear","Discovery","Biased Cognition","Beam Cell+1","Coolheaded"],"potion_use_per_floor":[[],[],[],[],[],[],[],["BlessingOfTheForge"],[],["SpeedPotion","EntropicBrew","ColorlessPotion"]],"relics":["Cracked Core","Unceasing Top","Girya","InkBottle"],"potions_floor_usage":[8,10,10,10],"damage_taken":[{"damage":3,"enemies":"Cultist","floor":1,"turns":4},{"damage":10,"enemies":"Small Slimes","floor":2,"turns":3},{"damage":0,"enemies":"Jaw Worm","floor":4,"turns":3},{"damage":8,"enemies":"Looter","floor":5,"turns":4},{"damage":30,"enemies":"Lagavulin","floor":6,"turns":7},{"damage":8,"enemies":"Gremlin Nob","floor":8,"turns":3},{"damage":36,"enemies":"3 Sentries","floor":10,"turns":6}],"seed_played":"-1164223479210606304","neow_bonus_log":{"cardsObtained":["Regret"],"cardsUpgraded":[],"cardsRemoved":[],"cardsTransformed":[],"relicsObtained":[],"maxHpGained":0,"goldGained":250,"damageTaken":0,"goldLost":0,"maxHpLost":0},"potions_obtained":[{"floor":2,"key":"SpeedPotion"},{"floor":6,"key":"BlessingOfTheForge"},{"floor":8,"key":"EntropicBrew"}],"is_trial":false,"path_per_floor":["M","M","$","M","M","E","R","E","T","E"],"character_chosen":"DEFECT","items_purchased":["Self Repair","Rip and Tear","Discovery"],"campfire_rested":0,"item_purchase_floors":[3,3,3],"current_hp_per_floor":[61,51,51,58,57,34,34,36,36,0],"gold":149,"neow_bonus":"TWO_FIFTY_GOLD","is_prod":false,"is_daily":false,"rewards_skipped":[],"chose_seed":false,"campfire_upgraded":1,"win_rate":0,"floor_exit_playtime":[203,265,457,609,702,939,1058,1220,1224],"timestamp":1657452634,"path_taken":["M","M","$","M","M","E","R","E","T","E"],"build_version":"2022-03-07","purchased_purges":1,"victory":false,"max_hp_per_floor":[71,71,71,71,71,71,71,71,71,71],"relic_stats":{"Girya":0,"counters":[7,30],"obtain_stats":[{"Girya":8,"Cracked Core":0,"Unceasing Top":6,"InkBottle":9},{"Girya":6,"Cracked Core":0,"Unceasing Top":5,"InkBottle":6},{"Girya":24,"Cracked Core":0,"Unceasing Top":21,"InkBottle":24}],"Unceasing Top":[0],"InkBottle":[1]},"card_choices":[{"not_picked":["Beam Cell","Storm"],"picked":"Sweeping Beam","floor":1},{"not_picked":["Go for the Eyes","Streamline"],"picked":"Leap","floor":2},{"not_picked":["Hologram","Double Energy","Capacitor"],"picked":"SKIP","floor":4},{"not_picked":["Chaos","Redo"],"picked":"Biased Cognition","floor":5},{"not_picked":["BootSequence","Hello World"],"picked":"Beam Cell","floor":6},{"not_picked":["Aggregate","Auto Shields"],"picked":"Coolheaded","floor":8}],"player_experience":13004632,"relics_obtained":[{"floor":6,"key":"Unceasing Top"},{"floor":8,"key":"Girya"},{"floor":9,"key":"InkBottle"}],"event_choices":[],"is_beta":false,"boss_relics":[],"items_purged_floors":[3],"is_endless":false,"potions_floor_spawned":[2,6,8],"killed_by":"3 Sentries","ascension_level":20,"potion_discard_per_floor":[[],[],[],[],[],[],[],[],[],[]]}