{"gold_per_floor":[115,135,135,135,151,151,187,27,51,76,115,165,190,209,209,308,308,333,348,273,289,16,57,57,98,153,188,188,209,209,225,225,320,320,343,89,113,113,127,127,145,181,263,278,311,335,356,356,356,356,356,356,356,64,102,102],"floor_reached":57,"playtime":10144,"items_purged":["Strike_B","Defend_B","Defend_B"],"score":2797,"play_id":"bd810493-7bc5-470e-8692-b6bbe8299672","local_time":"20220715135743","falling_options_log":["Compile Driver","Coolheaded+1"],"is_ascension_mode":true,"campfire_choices":[{"data":"Zap","floor":6,"key":"SMITH"},{"floor":15,"key":"REST"},{"data":"Electrodynamics","floor":24,"key":"SMITH"},{"data":"Genetic Algorithm","floor":32,"key":"SMITH"},{"data":"Barrage","floor":40,"key":"SMITH"},{"floor":49,"key":"RECALL"},{"data":"Barrage","floor":53,"key":"SMITH"}],"neow_cost":"NONE","seed_source_timestamp":1392621264117500,"shop_contents":[{"floor":8,"relics":["Molten Egg 2","White Beast Statue"],"cards":["Go for the Eyes","Rip and Tear","Steam","Leap","Capacitor","Enlightenment","Violence"],"potions":["Dexterity Potion","BlessingOfTheForge","SneckoOil"]},{"floor":22,"relics":["Bird Faced Urn","Frozen Eye"],"cards":["Lockon","Doom and Gloom","Turbo","Coolheaded","Madness","Transmutation"],"potions":["Weak Potion","PowerPotion","Explosive Potion"]},{"floor":36,"relics":["CeramicFish","Pantograph"],"cards":["Redo","Hologram","Storm","Finesse","Secret Weapon"],"potions":["Explosive Potion","Weak Potion","Weak Potion"]},{"floor":54,"relics":["Letter Opener"],"cards":["Streamline","Barrage","Skim","Self Repair","Thinking Ahead"],"potions":["DistilledChaos","SmokeBomb","ColorlessPotion"]}],"circlet_count":0,"master_deck":["AscendersBane","Strike_B","Defend_B","Zap+1","Dualcast","Compile Driver","Glacier","FTL","Ball Lightning","Defragment+1","Doom and Gloom","Electrodynamics+1","Beam Cell+1","Core Surge","Self Repair","Glacier","Turbo","Coolheaded","Genetic Algorithm+1","Barrage+1","Compile Driver","Barrage+1","Redo","Seek","Compile Driver","Coolheaded+1","White Noise","Trip"],"potion_use_per_floor":[[],[],[],[],[],[],[],[],[],[],["CultistPotion","LiquidMemories"],[],[],[],[],[],[],[],[],[],["SkillPotion"],[],["ColorlessPotion"],[],["Strength Potion"],[],[],[],[],[],[],[],["PotionOfCapacity"],[],[],[],[],[],[],[],["BlessingOfTheForge"],[],[],[],[],[],[],[],[],[],[],[],[],[],[],["FocusPotion","LiquidMemories"],[]],"relics":["Philosopher\u0027s Stone","Golden Idol","Bag of Marbles","Runic Capacitor","Nunchaku","Centennial Puzzle","Nuclear Battery","Bag of Preparation","Tiny Chest","Pear","Orichalcum","Mercury Hourglass","Runic Pyramid","Membership Card","MealTicket","Ornamental Fan","Lantern","Pen Nib","Lee\u0027s Waffle","Anchor"],"potions_floor_usage":[11,11,21,23,25,33,41,56,56],"damage_taken":[{"damage":2,"enemies":"Cultist","floor":1,"turns":4},{"damage":6,"enemies":"2 Louse","floor":2,"turns":2},{"damage":0,"enemies":"Jaw Worm","floor":5,"turns":2},{"damage":17,"enemies":"Lagavulin","floor":7,"turns":5},{"damage":2,"enemies":"Exordium Wildlife","floor":10,"turns":2},{"damage":23,"enemies":"Gremlin Nob","floor":11,"turns":4},{"damage":0,"enemies":"Exordium Thugs","floor":13,"turns":3},{"damage":0,"enemies":"2 Fungi Beasts","floor":14,"turns":2},{"damage":5,"enemies":"The Guardian","floor":16,"turns":13},{"damage":0,"enemies":"Chosen","floor":18,"turns":3},{"damage":1,"enemies":"Spheric Guardian","floor":19,"turns":3},{"damage":1,"enemies":"Chosen and Byrds","floor":21,"turns":4},{"damage":19,"enemies":"Slavers","floor":23,"turns":4},{"damage":24,"enemies":"Book of Stabbing","floor":25,"turns":5},{"damage":0,"enemies":"Gremlin Leader","floor":27,"turns":5},{"damage":6,"enemies":"Shelled Parasite and Fungi","floor":29,"turns":4},{"damage":4,"enemies":"Snecko","floor":31,"turns":3},{"damage":22,"enemies":"Collector","floor":33,"turns":8},{"damage":0,"enemies":"3 Shapes","floor":35,"turns":5},{"damage":0,"enemies":"3 Darklings","floor":37,"turns":4},{"damage":0,"enemies":"Maw","floor":39,"turns":5},{"damage":0,"enemies":"Transient","floor":41,"turns":6},{"damage":7,"enemies":"Nemesis","floor":42,"turns":5},{"damage":8,"enemies":"Jaw Worm Horde","floor":44,"turns":4},{"damage":0,"enemies":"Reptomancer","floor":45,"turns":5},{"damage":2,"enemies":"Writhing Mass","floor":46,"turns":5},{"damage":0,"enemies":"Transient","floor":47,"turns":6},{"damage":8,"enemies":"Donu and Deca","floor":50,"turns":10},{"damage":32,"enemies":"Time Eater","floor":51,"turns":10},{"damage":7,"enemies":"Shield and Spear","floor":55,"turns":6},{"damage":39,"enemies":"The Heart","floor":56,"turns":8}],"seed_played":"-999702352877049359","neow_bonus_log":{"cardsObtained":[],"cardsUpgraded":[],"cardsRemoved":[],"cardsTransformed":[],"relicsObtained":["Philosopher\u0027s Stone"],"maxHpGained":0,"goldGained":0,"damageTaken":0,"goldLost":0,"maxHpLost":0},"potions_obtained":[{"floor":7,"key":"CultistPotion"},{"floor":10,"key":"LiquidMemories"},{"floor":16,"key":"ColorlessPotion"},{"floor":18,"key":"SkillPotion"},{"floor":21,"key":"Strength Potion"},{"floor":29,"key":"FearPotion"},{"floor":31,"key":"PotionOfCapacity"},{"floor":33,"key":"BlessingOfTheForge"},{"floor":41,"key":"LiquidBronze"},{"floor":45,"key":"LiquidMemories"},{"floor":46,"key":"FocusPotion"}],"is_trial":false,"path_per_floor":["M","M","?","?","M","R","E","$","T","M","E","?","M","M","R","B",null,"M","M","?","M","$","E","R","E","T","E","?","M","?","M","R","B",null,"M","$","M","T","M","R","M","E","T","M","E","M","M","?","R","B","B",null,"R","$","E","B",null],"character_chosen":"DEFECT","items_purchased":["Runic Capacitor","Bag of Preparation","Self Repair","Membership Card","Compile Driver","Barrage","Pen Nib","Lee\u0027s Waffle","White Noise","Trip"],"campfire_rested":1,"item_purchase_floors":[8,22,22,36,36,36,54,54,54,54],"current_hp_per_floor":[62,56,56,56,56,56,39,39,39,37,14,14,14,14,33,28,55,55,54,54,53,53,41,41,34,34,41,41,42,42,45,45,30,63,70,70,74,74,74,74,74,74,74,73,74,74,74,74,74,73,48,68,68,81,81,49],"gold":102,"neow_bonus":"BOSS_RELIC","is_prod":false,"is_daily":false,"rewards_skipped":[{"floor":35,"relics":[],"potions":["Energy Potion"]}],"chose_seed":false,"campfire_upgraded":5,"win_rate":0,"floor_exit_playtime":[345,411,417,536,672,688,830,843,952,985,1148,1153,1206,1331,1339,1976,2362,2493,2589,2603,2749,2913,3409,3436,3674,3691,3916,3932,4069,4202,4292,4403,4621,4772,4951,5344,5511,5792,6000,6017,6365,6555,6558,6715,6928,7175,7347,7365,7390,8057,8530,8541,8872,9118,9406,10144],"timestamp":1657907863,"blue_key_relic_skipped_log":{"floor":38,"relicID":"Akabeko"},"path_taken":["M","M","?","?","M","R","E","?","T","?","E","?","M","M","R","BOSS","M","M","?","M","$","E","R","E","T","E","?","?","?","M","R","BOSS","M","$","M","?","M","R","?","E","T","M","E","M","M","?","R","BOSS","BOSS","R","$","E","BOSS"],"build_version":"2022-03-07","purchased_purges":3,"victory":true,"max_hp_per_floor":[71,71,64,64,64,64,64,64,64,64,64,64,64,64,64,64,64,64,64,64,64,64,64,64,74,74,74,74,74,74,74,74,74,74,74,74,74,74,74,74,74,74,74,74,74,74,74,74,74,74,74,74,74,81,81,81],"relic_stats":{"Lee\u0027s Waffle":7,"counters":[31,155],"Golden Idol":222,"Pen Nib":[4],"Bag of Preparation":[38],"Orichalcum":[96],"Mercury Hourglass":[274],"Nunchaku":[35],"Centennial Puzzle":[45],"Ornamental Fan":[128],"Tiny Chest":1,"MealTicket":6,"Membership Card":382,"obtain_stats":[{"Lantern":45,"Lee\u0027s Waffle":54,"Pear":25,"Golden Idol":3,"Pen Nib":54,"Runic Capacitor":8,"Bag of Preparation":22,"Orichalcum":26,"Nuclear Battery":17,"Mercury Hourglass":27,"Nunchaku":9,"Centennial Puzzle":11,"Anchor":55,"Ornamental Fan":43,"Philosopher\u0027s Stone":0,"Tiny Chest":23,"MealTicket":42,"Bag of Marbles":7,"Membership Card":36,"Cracked Core":0,"Runic Pyramid":34},{"Lantern":25,"Lee\u0027s Waffle":29,"Pear":14,"Golden Idol":2,"Pen Nib":29,"Runic Capacitor":4,"Bag of Preparation":12,"Orichalcum":14,"Nuclear Battery":9,"Mercury Hourglass":15,"Nunchaku":4,"Centennial Puzzle":6,"Anchor":30,"Ornamental Fan":23,"Philosopher\u0027s Stone":0,"Tiny Chest":13,"MealTicket":23,"Bag of Marbles":4,"Membership Card":19,"Cracked Core":0,"Runic Pyramid":18},{"Lantern":110,"Lee\u0027s Waffle":141,"Pear":56,"Golden Idol":6,"Pen Nib":141,"Runic Capacitor":13,"Bag of Preparation":47,"Orichalcum":56,"Nuclear Battery":37,"Mercury Hourglass":61,"Nunchaku":13,"Centennial Puzzle":19,"Anchor":147,"Ornamental Fan":101,"Philosopher\u0027s Stone":0,"Tiny Chest":51,"MealTicket":101,"Bag of Marbles":13,"Membership Card":81,"Cracked Core":0,"Runic Pyramid":76}]},"card_choices":[{"not_picked":["Rebound","Redo"],"picked":"Compile Driver","floor":1},{"not_picked":["Compile Driver","Coolheaded"],"picked":"Glacier","floor":2},{"not_picked":["Stack","Steam"],"picked":"Ball Lightning","floor":5},{"not_picked":["Go for the Eyes","Double Energy","Leap"],"picked":"SKIP","floor":7},{"not_picked":["Recycle","Leap"],"picked":"Defragment","floor":10},{"not_picked":["White Noise","Compile Driver"],"picked":"Doom and Gloom","floor":11},{"not_picked":["Go for the Eyes","Ball Lightning","Tempest"],"picked":"SKIP","floor":13},{"not_picked":["Streamline","Sweeping Beam","Beam Cell"],"picked":"SKIP","floor":14},{"not_picked":["Streamline","Sweeping Beam","Beam Cell"],"picked":"SKIP","floor":14},{"not_picked":["Streamline","Sweeping Beam","Beam Cell"],"picked":"SKIP","floor":14},{"not_picked":["All For One","Machine Learning"],"picked":"Electrodynamics","floor":16},{"not_picked":["Leap","Loop"],"picked":"Beam Cell+1","floor":18},{"not_picked":["Sweeping Beam","Turbo","Go for the Eyes"],"picked":"SKIP","floor":19},{"not_picked":["Tempest","Streamline"],"picked":"Core Surge","floor":21},{"not_picked":["Sweeping Beam","Gash"],"picked":"Glacier","floor":23},{"not_picked":["Hello World","Reinforced Body"],"picked":"Turbo","floor":25},{"not_picked":["Turbo","Multi-Cast"],"picked":"Coolheaded","floor":27},{"not_picked":["Self Repair","Double Energy"],"picked":"Genetic Algorithm","floor":29},{"not_picked":["Streamline+1","Turbo"],"picked":"Barrage","floor":31},{"not_picked":["Reboot","Hyperbeam"],"picked":"Machine Learning","floor":33},{"not_picked":["Turbo","Stack+1","Sweeping Beam"],"picked":"SKIP","floor":35},{"not_picked":["Auto Shields","Leap","Cold Snap"],"picked":"SKIP","floor":37},{"not_picked":["Steam","Reprogram","Doom and Gloom"],"picked":"SKIP","floor":39},{"not_picked":["Rebound","Blizzard","Hologram"],"picked":"SKIP","floor":41},{"not_picked":["Heatsinks+1","Reinforced Body","Cold Snap+1"],"picked":"SKIP","floor":42},{"not_picked":["Heatsinks+1","Reinforced Body","Cold Snap+1"],"picked":"SKIP","floor":42},{"not_picked":["Hello World+1","All For One"],"picked":"Redo","floor":44},{"not_picked":["Leap","Chill"],"picked":"Seek","floor":45},{"not_picked":["White Noise","Cold Snap"],"picked":"Compile Driver","floor":46},{"not_picked":["Rebound+1","Heatsinks"],"picked":"Coolheaded+1","floor":47},{"not_picked":["Ball Lightning","Hello World","Steam"],"picked":"SKIP","floor":55},{"not_picked":["Ball Lightning","Hello World","Steam"],"picked":"SKIP","floor":55}],"player_experience":13070251,"relics_obtained":[{"floor":7,"key":"Bag of Marbles"},{"floor":9,"key":"Nunchaku"},{"floor":11,"key":"Centennial Puzzle"},{"floor":23,"key":"Tiny Chest"},{"floor":25,"key":"Pear"},{"floor":26,"key":"Orichalcum"},{"floor":27,"key":"Mercury Hourglass"},{"floor":42,"key":"MealTicket"},{"floor":43,"key":"Ornamental Fan"},{"floor":45,"key":"Lantern"},{"floor":55,"key":"Anchor"}],"event_choices":[{"damage_healed":0,"gold_gain":0,"player_choice":"Lose Max HP","damage_taken":0,"relics_obtained":["Golden Idol"],"max_hp_gain":0,"max_hp_loss":7,"event_name":"Golden Idol","floor":3,"gold_loss":0},{"damage_healed":0,"gold_gain":0,"cards_transformed":["Strike_B"],"player_choice":"Change","damage_taken":0,"max_hp_gain":0,"max_hp_loss":0,"event_name":"Living Wall","floor":4,"gold_loss":0,"cards_obtained":["FTL"]},{"damage_healed":0,"gold_gain":50,"player_choice":"Pray","damage_taken":0,"max_hp_gain":0,"max_hp_loss":0,"event_name":"Golden Shrine","floor":12,"gold_loss":0},{"cards_removed":["Strike_B"],"damage_healed":0,"gold_gain":0,"player_choice":"Gave Gold","damage_taken":0,"max_hp_gain":0,"max_hp_loss":0,"event_name":"Beggar","floor":20,"gold_loss":75},{"damage_healed":0,"gold_gain":0,"player_choice":"Forge","damage_taken":0,"max_hp_gain":0,"max_hp_loss":0,"event_name":"Accursed Blacksmith","floor":28,"gold_loss":0,"cards_upgraded":["Defragment"]},{"cards_removed":["Defend_B"],"damage_healed":0,"gold_gain":0,"player_choice":"Offered Basic","damage_taken":0,"max_hp_gain":0,"max_hp_loss":0,"event_name":"Bonfire Elementals","floor":30,"gold_loss":0},{"cards_removed":["Machine Learning"],"damage_healed":0,"gold_gain":0,"player_choice":"Removed Power","damage_taken":0,"max_hp_gain":0,"max_hp_loss":0,"event_name":"Falling","floor":48,"gold_loss":0}],"is_beta":false,"boss_relics":[{"not_picked":["Coffee Dripper","Astrolabe"],"picked":"Nuclear Battery"},{"not_picked":["Runic Dome","Velvet Choker"],"picked":"Runic Pyramid"}],"items_purged_floors":[22,36,54],"is_endless":false,"potions_floor_spawned":[7,10,16,18,21,29,31,33,35,41,45,46],"ascension_level":20,"potion_discard_per_floor":[[],[],[],[],[],[],[],[],[],[],[],[],[],[],[],[],[],[],[],[],[],[],[],[],[],[],[],[],[],[],[],[],[],[],[],[],[],[],[],[],[],[],[],[],["LiquidBronze"],["FearPotion"],[],[],[],[],[],[],[],[],[],[],[]]}