{"neow_bonuses_skipped_log":["REMOVE_CARD","RANDOM_COMMON_RELIC","TWENTY_PERCENT_HP_BONUS"],"neow_costs_skipped_log":["NONE","NONE","CURSE"],"gold_per_floor":[116,127,147,147,162,162,196,216,294,259,259],"floor_reached":11,"playtime":994,"items_purged":[],"score":150,"play_id":"95a41da3-6bd7-4468-ae00-8e979d61f2fb","local_time":"20220705151400","score_breakdown":["Floors Climbed (11): 55","Enemies Slain (5): 10","Exordium Elites Killed (1): 10","Bosses Slain (0): 0","Ascension (20): 75"],"is_ascension_mode":true,"campfire_choices":[{"floor":6,"key":"REST"}],"neow_cost":"NONE","seed_source_timestamp":103146238590800,"shop_contents":[],"circlet_count":0,"master_deck":["AscendersBane","Strike_B","Strike_B","Strike_B","Strike_B","Defend_B","Defend_B","Defend_B","Defend_B+1","Zap","Dualcast","Doom and Gloom","Cold Snap+1","Melter","Skim","Darkness","Reinforced Body"],"potion_use_per_floor":[[],[],[],[],[],[],[],["Weak Potion"],[],[],["EntropicBrew","BlessingOfTheForge"]],"relics":["SlaversCollar","Incense Burner","The Courier"],"potions_floor_usage":[8,11,11],"damage_taken":[{"damage":4,"enemies":"Small Slimes","floor":1,"turns":4},{"damage":1,"enemies":"2 Louse","floor":2,"turns":3},{"damage":12,"enemies":"Jaw Worm","floor":3,"turns":4},{"damage":12,"enemies":"Large Slime","floor":5,"turns":5},{"damage":22,"enemies":"3 Sentries","floor":7,"turns":7},{"damage":9,"enemies":"Red Slaver","floor":8,"turns":4},{"damage":35,"enemies":"The Mushroom Lair","floor":11,"turns":6}],"seed_played":"-8255202724028614418","neow_bonus_log":{"cardsObtained":[],"cardsUpgraded":[],"cardsRemoved":[],"cardsTransformed":[],"relicsObtained":["SlaversCollar"],"maxHpGained":0,"goldGained":0,"damageTaken":0,"goldLost":0,"maxHpLost":0},"potions_obtained":[{"floor":1,"key":"EntropicBrew"},{"floor":2,"key":"Weak Potion"}],"is_trial":false,"path_per_floor":["M","M","M","?","M","R","E","M","T","?","?"],"character_chosen":"DEFECT","items_purchased":[],"campfire_rested":1,"item_purchase_floors":[],"current_hp_per_floor":[60,59,47,26,14,35,13,4,4,21,0],"gold":259,"neow_bonus":"BOSS_RELIC","is_prod":false,"is_daily":false,"rewards_skipped":[],"chose_seed":false,"campfire_upgraded":0,"win_rate":0,"floor_exit_playtime":[295,349,434,471,580,587,712,819,825,836],"timestamp":1657048440,"path_taken":["M","M","M","?","M","R","E","M","T","?","?"],"build_version":"2022-03-07","purchased_purges":0,"victory":false,"max_hp_per_floor":[71,71,71,71,71,71,71,71,71,71,71],"relic_stats":{"counters":[7,33],"The Courier":0,"obtain_stats":[{"SlaversCollar":0,"The Courier":9,"Incense Burner":7,"Cracked Core":0},{"SlaversCollar":0,"The Courier":6,"Incense Burner":5,"Cracked Core":0},{"SlaversCollar":0,"The Courier":27,"Incense Burner":23,"Cracked Core":0}]},"card_choices":[{"not_picked":["Storm","Sunder"],"picked":"Doom and Gloom","floor":1},{"not_picked":["Barrage","Turbo"],"picked":"Cold Snap","floor":2},{"not_picked":["Steam","Tempest"],"picked":"Melter","floor":3},{"not_picked":["Stack","Sunder"],"picked":"Skim","floor":5},{"not_picked":["Steam Power","White Noise"],"picked":"Darkness","floor":7},{"not_picked":["Beam Cell","Turbo"],"picked":"Reinforced Body","floor":8}],"player_experience":7326690,"relics_obtained":[{"floor":7,"key":"Incense Burner"},{"floor":9,"key":"The Courier"}],"event_choices":[{"damage_healed":0,"gold_gain":0,"player_choice":"Entered Light","damage_taken":21,"max_hp_gain":0,"max_hp_loss":0,"event_name":"Shining Light","floor":4,"gold_loss":0,"cards_upgraded":["Defend_B","Cold Snap"]},{"damage_healed":17,"gold_gain":0,"player_choice":"Healed","damage_taken":0,"max_hp_gain":0,"max_hp_loss":0,"event_name":"The Cleric","floor":10,"gold_loss":35},{"damage_healed":0,"gold_gain":0,"player_choice":"Fought Mushrooms","damage_taken":0,"max_hp_gain":0,"max_hp_loss":0,"event_name":"Mushrooms","floor":11,"gold_loss":0}],"is_beta":false,"boss_relics":[],"items_purged_floors":[],"is_endless":false,"potions_floor_spawned":[1,2],"killed_by":"The Mushroom Lair","ascension_level":20,"potion_discard_per_floor":[[],[],[],[],[],[],[],[],[],[],[]]}