{"neow_bonuses_skipped_log":["TEN_PERCENT_HP_BONUS"],"neow_costs_skipped_log":["NONE"],"gold_per_floor":[111,36,53,53,53,81,81,114,141,154,169,194,194,213,213,288,288,298,318,145,145,61,61,80,114,114,148,148,180,180,209,209,283,283,302,347,347,359,372,372,406,406,406,192,212,229,240,269,269,269,269,269,269,39,70,70],"floor_reached":57,"playtime":4324,"items_purged":["Strike_B","Defend_B","Defend_B"],"score":2941,"play_id":"4254ffb0-c46a-4212-b203-f0510ecdee09","local_time":"20220705162704","score_breakdown":["Floors Climbed (57): 285","Enemies Slain (14): 28","Exordium Elites Killed (3): 30","City Elites Killed (4): 80","Beyond Elites Killed (2): 60","Bosses Slain (5): 750","Librarian: 25","Champion (2): 50","Perfect (1): 50","Ascension (20): 1333","Heartbreaker: 250"],"is_ascension_mode":true,"campfire_choices":[{"data":"Double Energy","floor":13,"key":"SMITH"},{"data":"Aggregate","floor":15,"key":"SMITH"},{"floor":23,"key":"REST"},{"data":"Coolheaded","floor":28,"key":"SMITH"},{"data":"Recycle","floor":32,"key":"SMITH"},{"floor":40,"key":"RECALL"},{"data":"Skim","floor":42,"key":"SMITH"},{"data":"Loop","floor":49,"key":"SMITH"},{"data":"Hologram","floor":53,"key":"SMITH"}],"neow_cost":"NONE","seed_source_timestamp":104174053010400,"shop_contents":[{"floor":20,"relics":["InkBottle","Mercury Hourglass","Sling"],"cards":["Go for the Eyes","Sunder","Steam Power","Coolheaded","Loop","Magnetism"],"potions":["Swift Potion","PowerPotion","SneckoOil"]},{"floor":22,"relics":["Bag of Marbles","Blood Vial","Strange Spoon"],"cards":["Gash","Melter","Redo","Coolheaded","Capacitor","Discovery","Chrysalis"],"potions":["ColorlessPotion","Fruit Juice"]},{"floor":44,"relics":["Emotion Chip","Nunchaku","Orrery"],"cards":["Sweeping Beam","Cold Snap","Auto Shields","Turbo","Hello World","Dramatic Entrance","Secret Technique"],"potions":["DistilledChaos","Fire Potion","Fire Potion"]},{"floor":54,"relics":["StrikeDummy","Du-Vu Doll","Boot"],"cards":["Blizzard","Ball Lightning","Multi-Cast","Darkness","Hello World","Flash of Steel","Sadistic Nature"],"potions":["SpeedPotion","Weak Potion","Fire Potion"]}],"circlet_count":0,"master_deck":["AscendersBane","Defend_B","Defend_B","Compile Driver","Ball Lightning","Storm","Aggregate+1","Tempest","Self Repair","Machine Learning","Double Energy+1","Steam","Electrodynamics","Defragment+1","Force Field","PanicButton","Ball Lightning","Recycle+1","Skim+1","Coolheaded+1","Chill","Glacier","Echo Form","Tempest","Go for the Eyes+1","Cold Snap","Static Discharge","Reinforced Body","Loop+1","Hologram+1","Glacier","Coolheaded+1","Stack+1","Capacitor+1","Tempest+1","Steam Power+1"],"potion_use_per_floor":[[],[],[],[],[],[],[],["Strength Potion"],[],[],[],["Energy Potion"],[],[],[],[],[],[],[],[],[],[],[],[],["PowerPotion"],[],[],[],["SkillPotion"],[],[],[],[],[],[],[],[],[],[],[],[],[],[],[],[],[],[],[],[],[],[],[],[],[],["GamblersBrew"],["Ancient Potion","DistilledChaos"],[]],"relics":["Cracked Core","NeowsBlessing","Bronze Scales","Ice Cream","NlothsMask","Torii","Omamori","Runic Pyramid","Mummified Hand","The Courier","Bottled Lightning","CaptainsWheel","Nilry\u0027s Codex","Bag of Preparation","Cursed Key","Girya","Akabeko","Juzu Bracelet","Lee\u0027s Waffle","Happy Flower"],"potions_floor_usage":[8,12,25,29,55,56,56],"damage_taken":[{"damage":0,"enemies":"Jaw Worm","floor":1,"turns":1},{"damage":0,"enemies":"2 Louse","floor":3,"turns":1},{"damage":0,"enemies":"Gremlin Nob","floor":6,"turns":1},{"damage":20,"enemies":"Lagavulin","floor":8,"turns":6},{"damage":0,"enemies":"Cultist","floor":10,"turns":3},{"damage":10,"enemies":"Blue Slaver","floor":11,"turns":4},{"damage":8,"enemies":"Gremlin Nob","floor":12,"turns":3},{"damage":7,"enemies":"2 Fungi Beasts","floor":14,"turns":3},{"damage":12,"enemies":"The Guardian","floor":16,"turns":8},{"damage":9,"enemies":"3 Byrds","floor":18,"turns":3},{"damage":28,"enemies":"2 Thieves","floor":19,"turns":3},{"damage":0,"enemies":"Cultist and Chosen","floor":24,"turns":2},{"damage":14,"enemies":"Book of Stabbing","floor":25,"turns":4},{"damage":1,"enemies":"Gremlin Leader","floor":27,"turns":4},{"damage":7,"enemies":"Slavers","floor":29,"turns":2},{"damage":1,"enemies":"Gremlin Leader","floor":31,"turns":2},{"damage":0,"enemies":"Champ","floor":33,"turns":5},{"damage":0,"enemies":"3 Shapes","floor":35,"turns":3},{"damage":0,"enemies":"2 Orb Walkers","floor":36,"turns":1},{"damage":0,"enemies":"Orb Walker","floor":38,"turns":1},{"damage":0,"enemies":"Sphere and 2 Shapes","floor":39,"turns":1},{"damage":0,"enemies":"Nemesis","floor":41,"turns":3},{"damage":0,"enemies":"3 Darklings","floor":45,"turns":5},{"damage":6,"enemies":"Jaw Worm Horde","floor":46,"turns":2},{"damage":0,"enemies":"Writhing Mass","floor":47,"turns":4},{"damage":2,"enemies":"Giant Head","floor":48,"turns":6},{"damage":1,"enemies":"Donu and Deca","floor":50,"turns":5},{"damage":14,"enemies":"Awakened One","floor":51,"turns":13},{"damage":1,"enemies":"Shield and Spear","floor":55,"turns":3},{"damage":28,"enemies":"The Heart","floor":56,"turns":8}],"seed_played":"-8043763937143467999","neow_bonus_log":{"cardsObtained":[],"cardsUpgraded":[],"cardsRemoved":[],"cardsTransformed":[],"relicsObtained":["NeowsBlessing"],"maxHpGained":0,"goldGained":0,"damageTaken":0,"goldLost":0,"maxHpLost":0},"potions_obtained":[{"floor":3,"key":"Strength Potion"},{"floor":6,"key":"Energy Potion"},{"floor":16,"key":"SteroidPotion"},{"floor":24,"key":"PowerPotion"},{"floor":27,"key":"SkillPotion"},{"floor":33,"key":"FearPotion"},{"floor":36,"key":"DistilledChaos"},{"floor":55,"key":"Ancient Potion"}],"is_trial":false,"path_per_floor":["M","?","M","?","?","E","?","E","T","M","M","E","R","M","R","B",null,"M","M","$","?","$","R","M","E","T","E","R","E","?","E","R","B",null,"M","?","?","M","M","R","E","R","T","$","M","M","M","E","R","B","B",null,"R","$","E","B",null],"character_chosen":"DEFECT","items_purchased":["PanicButton","GamblersBrew","Loop","Hologram","Glacier","Lee\u0027s Waffle"],"campfire_rested":1,"item_purchase_floors":[20,22,44,44,44,54],"current_hp_per_floor":[64,64,64,64,59,59,59,39,39,39,36,35,35,35,35,30,61,59,38,38,38,38,59,59,59,59,65,65,65,44,50,50,57,68,71,71,71,71,71,71,71,71,71,71,71,65,71,71,71,71,71,71,71,78,78,57],"gold":70,"neow_bonus":"THREE_ENEMY_KILL","is_prod":false,"is_daily":false,"rewards_skipped":[{"floor":38,"relics":[],"potions":["Energy Potion"]},{"floor":45,"relics":[],"potions":["EssenceOfDarkness"]},{"floor":48,"relics":[],"potions":["SkillPotion"]}],"chose_seed":false,"campfire_upgraded":7,"win_rate":0,"floor_exit_playtime":[17,22,30,39,44,69,79,160,175,234,286,388,413,493,500,724,804,889,966,1018,1080,1119,1137,1181,1321,1327,1450,1480,1603,1630,1710,1756,1913,2074,2144,2233,2252,2297,2340,2345,2469,2484,2497,2578,2716,2778,2867,3044,3055,3219,3537,3560,3570,3621,3822,4324],"timestamp":1657052824,"blue_key_relic_skipped_log":{"floor":43,"relicID":"Ornamental Fan"},"path_taken":["M","?","M","?","?","E","?","E","T","M","M","E","R","M","R","BOSS","M","?","$","?","$","R","M","E","T","E","R","E","?","E","R","BOSS","M","?","?","M","M","R","E","R","T","$","M","?","M","E","R","BOSS","BOSS","R","$","E","BOSS"],"build_version":"2022-03-07","purchased_purges":3,"victory":true,"max_hp_per_floor":[71,71,71,71,71,71,71,71,71,71,71,71,71,71,71,71,71,71,71,71,71,71,71,71,71,71,71,71,71,71,71,71,71,71,71,71,71,71,71,71,71,71,71,71,71,71,71,71,71,71,71,71,71,78,78,78],"relic_stats":{"Ice Cream":[423],"Girya":0,"Lee\u0027s Waffle":7,"Torii":63,"Happy Flower":[2],"counters":[30,109],"Nilry\u0027s Codex":[4,12,12,23],"The Courier":111,"Omamori":1,"Bag of Preparation":[28],"Juzu Bracelet":0,"Cursed Key":1,"Mummified Hand":[115],"Bronze Scales":[433],"Bottled Lightning":"Aggregate","obtain_stats":[{"Ice Cream":6,"Girya":36,"Lee\u0027s Waffle":54,"NeowsBlessing":0,"Torii":8,"Happy Flower":55,"Nilry\u0027s Codex":30,"The Courier":26,"Omamori":12,"Bag of Preparation":31,"Juzu Bracelet":48,"Cursed Key":34,"Akabeko":41,"CaptainsWheel":29,"Mummified Hand":25,"Bronze Scales":5,"Bottled Lightning":27,"Cracked Core":0,"NlothsMask":7,"Runic Pyramid":17},{"Ice Cream":3,"Girya":19,"Lee\u0027s Waffle":28,"NeowsBlessing":0,"Torii":4,"Happy Flower":29,"Nilry\u0027s Codex":15,"The Courier":13,"Omamori":7,"Bag of Preparation":16,"Juzu Bracelet":26,"Cursed Key":17,"Akabeko":22,"CaptainsWheel":15,"Mummified Hand":13,"Bronze Scales":2,"Bottled Lightning":14,"Cracked Core":0,"NlothsMask":3,"Runic Pyramid":9},{"Ice Cream":3,"Girya":59,"Lee\u0027s Waffle":98,"NeowsBlessing":0,"Torii":9,"Happy Flower":101,"Nilry\u0027s Codex":48,"The Courier":42,"Omamori":19,"Bag of Preparation":50,"Juzu Bracelet":80,"Cursed Key":55,"Akabeko":64,"CaptainsWheel":48,"Mummified Hand":42,"Bronze Scales":2,"Bottled Lightning":46,"Cracked Core":0,"NlothsMask":3,"Runic Pyramid":30}]},"card_choices":[{"not_picked":["Scrape","Force Field"],"picked":"Compile Driver","floor":1},{"not_picked":["Hologram","Turbo"],"picked":"Ball Lightning","floor":3},{"not_picked":["Leap","Redo"],"picked":"Aggregate","floor":6},{"not_picked":["Stack","Sunder"],"picked":"Tempest","floor":8},{"not_picked":["Ball Lightning","Rebound"],"picked":"Self Repair","floor":10},{"not_picked":["Compile Driver","White Noise"],"picked":"Machine Learning","floor":11},{"not_picked":["Redo","Sweeping Beam"],"picked":"Double Energy","floor":12},{"not_picked":["Beam Cell","Self Repair"],"picked":"Steam","floor":14},{"not_picked":["Thunder Strike","Echo Form"],"picked":"Electrodynamics","floor":16},{"not_picked":["Turbo","Steam"],"picked":"Defragment+1","floor":18},{"not_picked":["Go for the Eyes","Auto Shields"],"picked":"Force Field","floor":19},{"not_picked":["Coolheaded","Compile Driver"],"picked":"Skim","floor":24},{"not_picked":["Beam Cell","Sweeping Beam"],"picked":"Coolheaded","floor":25},{"not_picked":["All For One","Cold Snap","Aggregate"],"picked":"SKIP","floor":27},{"not_picked":["Aggregate","Gash"],"picked":"Chill","floor":29},{"not_picked":["Hello World","Recycle"],"picked":"Glacier","floor":31},{"not_picked":["Machine Learning","Fission"],"picked":"Echo Form","floor":33},{"not_picked":["Fusion+1","Aggregate"],"picked":"Tempest","floor":35},{"not_picked":["Sweeping Beam+1","BootSequence"],"picked":"Go for the Eyes+1","floor":36},{"not_picked":["Beam Cell","Blizzard"],"picked":"Static Discharge","floor":38},{"not_picked":["Redo","Conserve Battery","Compile Driver"],"picked":"SKIP","floor":39},{"not_picked":["Storm","Turbo"],"picked":"Reinforced Body","floor":41},{"not_picked":["Streamline+1","Sweeping Beam"],"picked":"Coolheaded+1","floor":45},{"not_picked":["Ball Lightning","Darkness"],"picked":"Stack+1","floor":46},{"not_picked":["Sunder","Barrage"],"picked":"Capacitor+1","floor":47},{"not_picked":["Chill","Reprogram"],"picked":"Tempest+1","floor":48},{"not_picked":["Go for the Eyes","Darkness+1"],"picked":"Steam Power+1","floor":55}],"player_experience":7327684,"relics_obtained":[{"floor":6,"key":"Ice Cream"},{"floor":8,"key":"Torii"},{"floor":12,"key":"Omamori"},{"floor":25,"key":"Mummified Hand"},{"floor":26,"key":"The Courier"},{"floor":27,"key":"Bottled Lightning"},{"floor":29,"key":"CaptainsWheel"},{"floor":30,"key":"Nilry\u0027s Codex"},{"floor":31,"key":"Bag of Preparation"},{"floor":36,"key":"Girya"},{"floor":41,"key":"Akabeko"},{"floor":48,"key":"Juzu Bracelet"},{"floor":55,"key":"Happy Flower"}],"event_choices":[{"cards_removed":["Strike_B"],"damage_healed":0,"gold_gain":0,"player_choice":"Card Removal","damage_taken":0,"max_hp_gain":0,"max_hp_loss":0,"event_name":"The Cleric","floor":2,"gold_loss":75},{"damage_healed":0,"gold_gain":0,"cards_transformed":["Strike_B"],"player_choice":"Change","damage_taken":0,"max_hp_gain":0,"max_hp_loss":0,"event_name":"Living Wall","floor":4,"gold_loss":0,"cards_obtained":["Storm"]},{"damage_healed":0,"gold_gain":0,"player_choice":"Success","damage_taken":5,"relics_obtained":["Bronze Scales"],"max_hp_gain":0,"max_hp_loss":0,"event_name":"Scrap Ooze","floor":5,"gold_loss":0},{"damage_healed":0,"gold_gain":0,"player_choice":"Trade","damage_taken":0,"relics_obtained":["NlothsMask"],"max_hp_gain":0,"max_hp_loss":0,"event_name":"FaceTrader","floor":7,"gold_loss":0},{"damage_healed":0,"gold_gain":0,"cards_transformed":["Strike_B","Dualcast"],"player_choice":"Became Test Subject","damage_taken":0,"max_hp_gain":0,"max_hp_loss":0,"event_name":"Drug Dealer","floor":21,"gold_loss":0,"cards_obtained":["Ball Lightning","Recycle"]},{"damage_healed":0,"gold_gain":0,"player_choice":"Obtained Book","damage_taken":21,"max_hp_gain":0,"max_hp_loss":0,"event_name":"Cursed Tome","floor":30,"gold_loss":0},{"damage_healed":0,"gold_gain":0,"player_choice":"Fight","damage_taken":0,"max_hp_gain":0,"max_hp_loss":0,"event_name":"Mysterious Sphere","floor":36,"gold_loss":0},{"damage_healed":0,"gold_gain":0,"cards_transformed":["Zap"],"player_choice":"Transformed","damage_taken":0,"max_hp_gain":0,"max_hp_loss":0,"event_name":"Transmorgrifier","floor":37,"gold_loss":0,"cards_obtained":["Cold Snap"]}],"is_beta":false,"boss_relics":[{"not_picked":["SacredBark","Philosopher\u0027s Stone"],"picked":"Runic Pyramid"},{"not_picked":["Runic Dome","Calling Bell"],"picked":"Cursed Key"}],"items_purged_floors":[20,44,54],"is_endless":false,"potions_floor_spawned":[3,6,16,24,27,33,36,38,45,48,55],"ascension_level":20,"potion_discard_per_floor":[[],[],[],[],[],[],[],[],[],[],[],[],[],[],[],[],[],[],[],[],[],[],[],["SteroidPotion"],[],[],[],[],[],[],[],[],[],[],[],["FearPotion"],[],[],[],[],[],[],[],[],[],[],[],[],[],[],[],[],[],[],[],[],[]]}