{"neow_bonuses_skipped_log":["RANDOM_COLORLESS","RANDOM_COLORLESS_2","BOSS_RELIC"],"neow_costs_skipped_log":["NONE","NO_GOLD","NONE"],"potions_obtained_entropic_brew":[[],[],[],[],[],[],[],[],[],[],[],[],[],[],[],[],[],[],[],[],[],[],[],[],[],[],[],[],[],[],[],[],[],[],[],[],[],[],[],[],[],[],[],["ColorlessPotion","Explosive Potion","DistilledChaos","FocusPotion"]],"gold_per_floor":[216,216,60,74,94,94,123,149,149,71,102,114,114,144,144,216,216,236,49,49,49,49,49,77,77,123,148,148,166,195,35,35,111,111,128,147,147,162,178,178,178,178,203,203],"floor_reached":44,"playtime":4671,"items_purged":["Strike_B","Strike_B"],"score":1010,"play_id":"9445c3db-ec89-4106-a3c5-df71eb947594","local_time":"20220814225642","score_breakdown":["Floors Climbed (44): 220","Enemies Slain (10): 20","Exordium Elites Killed (3): 30","City Elites Killed (3): 60","Beyond Elites Killed (0): 0","Bosses Slain (2): 150","Champion (1): 25","Ascension (20): 505"],"is_ascension_mode":true,"potions_obtained_alchemize":[[],[],[],[],[],[],[],[],[],[],[],[],[],[],[],[],[],[],[],[],[],[],[],[],[],[],[],[],[],[],[],[],[],[],[],[],[],[],[],[],[],[],[],[]],"campfire_choices":[{"data":"Doom and Gloom","floor":6.0,"key":"SMITH"},{"data":"Darkness","floor":13.0,"key":"SMITH"},{"data":"Coolheaded","floor":15.0,"key":"SMITH"},{"data":"Electrodynamics","floor":23.0,"key":"SMITH"},{"floor":28.0,"key":"REST"},{"data":"RitualDagger","floor":32.0,"key":"SMITH"},{"data":"Loop","floor":40,"key":"SMITH"},{"data":"Biased Cognition","floor":42,"key":"SMITH"}],"lesson_learned_per_floor":[[],[],[],[],[],[],[],[],[],[],[],[],[],[],[],[],[],[],[],[],[],[],[],[],[],[],[],[],[],[],[],[],[],[],[],[],[],[],[],[],[],[],[],[]],"neow_cost":"NONE","seed_source_timestamp":0,"shop_contents":[{"floor":3,"relics":["Blue Candle","Toxic Egg 2","Medical Kit"],"cards":["Blizzard","Multi-Cast","Conserve Battery","Loop","Madness","Mayhem"],"potions":["LiquidMemories","FocusPotion","Swift Potion"]},{"floor":10,"relics":["Shuriken","Kunai","TheAbacus"],"cards":["Go for the Eyes","Rebound","Reboot","Conserve Battery","Biased Cognition","Impatience","The Bomb"],"potions":["Strength Potion","SneckoOil"]},{"floor":19,"relics":["Art of War","Cables","Chemical X"],"cards":["Ball Lightning","Gash","Redo","Force Field","Flash of Steel","HandOfGreed"],"potions":["FearPotion","Explosive Potion","LiquidMemories"]},{"floor":31,"relics":["Pen Nib","HornCleat"],"cards":["Doom and Gloom","Hyperbeam","Steam","Force Field","Static Discharge","Impatience","Chrysalis"],"potions":["Ancient Potion","SpeedPotion","Fire Potion"]}],"circlet_count":0,"master_deck":["AscendersBane","Zap","Dualcast","Ball Lightning","Doom and Gloom+1","Coolheaded+1","Self Repair","Steam","Darkness+1","Electrodynamics+1","Loop+1","RitualDagger+1","Genetic Algorithm","Leap","Leap+1","Biased Cognition+1","Scrape","Chaos","Thunder Strike","Blizzard","Chaos","Reinforced Body","Steam Power+1","Compile Driver+1","Master of Strategy","Finesse","Flash of Steel","Stack+1"],"special_seed":0,"potion_use_per_floor":[[],[],[],[],[],[],[],["FearPotion"],[],[],["LiquidMemories"],[],[],[],[],["Explosive Potion"],[],[],[],[],[],[],[],[],[],[],["SkillPotion","Regen Potion"],[],[],["BlessingOfTheForge"],[],[],[],[],["Regen Potion"],[],[],[],[],[],[],[],[],["SkillPotion","ColorlessPotion","Ancient Potion","EntropicBrew","DistilledChaos"]],"relics":["Cracked Core","Anchor","Ginger","Odd Mushroom","Turnip","Potion Belt","Pear","Runic Dome","Bag of Marbles","PreservedInsect","Pantograph","Mummified Hand","OrangePellets","Pandora\u0027s Box"],"potions_floor_usage":[44,44,44,44,44],"damage_taken":[{"damage":2.0,"enemies":"Jaw Worm","floor":1.0,"turns":3.0},{"damage":0.0,"enemies":"Cultist","floor":4.0,"turns":3.0},{"damage":0.0,"enemies":"2 Louse","floor":5.0,"turns":2.0},{"damage":15.0,"enemies":"Lagavulin","floor":7.0,"turns":5.0},{"damage":6.0,"enemies":"The Mushroom Lair","floor":8.0,"turns":3.0},{"damage":8.0,"enemies":"Gremlin Nob","floor":11.0,"turns":3.0},{"damage":3.0,"enemies":"2 Fungi Beasts","floor":12.0,"turns":3.0},{"damage":2.0,"enemies":"3 Sentries","floor":14.0,"turns":4.0},{"damage":20.0,"enemies":"The Guardian","floor":16.0,"turns":9.0},{"damage":14.0,"enemies":"Shell Parasite","floor":18.0,"turns":5.0},{"damage":28.0,"enemies":"Gremlin Leader","floor":24.0,"turns":5.0},{"damage":34.0,"enemies":"Book of Stabbing","floor":27.0,"turns":4.0},{"damage":26.0,"enemies":"2 Thieves","floor":29.0,"turns":3.0},{"damage":0.0,"enemies":"Slavers","floor":30.0,"turns":3.0},{"damage":44.0,"enemies":"Champ","floor":33.0,"turns":17.0},{"damage":27.0,"enemies":"3 Darklings","floor":35.0,"turns":5.0},{"damage":13.0,"enemies":"3 Shapes","floor":36.0,"turns":4.0},{"damage":1,"enemies":"Sphere and 2 Shapes","floor":38,"turns":4},{"damage":10,"enemies":"Spire Growth","floor":39,"turns":3},{"damage":38,"enemies":"Nemesis","floor":44,"turns":4}],"seed_played":"7511824802770819897","neow_bonus_log":{"cardsObtained":[],"cardsUpgraded":[],"cardsRemoved":[],"cardsTransformed":[],"relicsObtained":[],"maxHpGained":0,"goldGained":100,"damageTaken":0,"goldLost":0,"maxHpLost":0},"potions_obtained":[{"floor":7.0,"key":"FearPotion"},{"floor":11.0,"key":"SkillPotion"},{"floor":12.0,"key":"Explosive Potion"},{"floor":16.0,"key":"BlessingOfTheForge"},{"floor":24.0,"key":"Regen Potion"},{"floor":29.0,"key":"SkillPotion"},{"floor":30.0,"key":"EntropicBrew"},{"floor":33.0,"key":"Regen Potion"},{"floor":38,"key":"Ancient Potion"},{"floor":39,"key":"ColorlessPotion"}],"is_trial":false,"path_per_floor":["M","?","$","M","M","R","E","?","T","$","E","M","R","E","R","B",null,"M","$","?","?","?","R","E","?","T","E","R","M","E","$","R","B",null,"M","M","?","M","M","R","?","R","T","E"],"character_chosen":"DEFECT","items_purchased":["Doom and Gloom","LiquidMemories","Loop","OrangePellets"],"campfire_rested":1,"item_purchase_floors":[3,10,19,31],"current_hp_per_floor":[62,36,36,36,36,36,21,22,22,22,14,18,18,33,33,20,66,59,59,53,53,53,53,32,32,32,10,34,15,22,22,22,10,63,50,44,34,40,37,37,37,37,37,0],"gold":203,"neow_bonus":"HUNDRED_GOLD","is_prod":false,"is_daily":false,"rewards_skipped":[],"chose_seed":false,"campfire_upgraded":7,"win_rate":0,"floor_exit_playtime":[198,249,383,430,525,533,611,760,828,867,1049,1184,1192,1462,1477,1676,2089,2228,2330,2344,2372,2469,2511,2702,2726,2730,2841,2845,2927,3159,3302,3312,3612,3763,3902,3986,4099,4337,4464,4473,4480,4491,4498],"timestamp":1660532202,"blue_key_relic_skipped_log":{"floor":43,"relicID":"DataDisk"},"path_taken":["M","?","$","M","M","R","E","?","T","$","E","?","R","E","R","BOSS","M","$","?","?","?","R","E","?","T","E","R","M","E","?","R","BOSS","M","M","?","M","M","R","?","R","T","E"],"build_version":"2022-03-07","purchased_purges":2,"victory":false,"max_hp_per_floor":[71,71,71,71,71,71,71,71,71,71,71,71,71,81,81,81,81,81,81,81,81,81,81,81,81,81,81,81,81,81,81,81,81,81,81,81,81,81,81,81,81,81,81,81],"relic_stats":{"OrangePellets":[5],"counters":[20,92],"Mummified Hand":[28],"Pantograph":25,"Pandora\u0027s Box":["Scrape","Chaos","Thunder Strike","Blizzard","Chaos","Reinforced Body"],"Turnip":[13],"PreservedInsect":133,"Ginger":[10],"obtain_stats":[{"Potion Belt":11,"Pear":14,"PreservedInsect":26,"Ginger":7,"Odd Mushroom":8,"Runic Dome":17,"OrangePellets":31,"Anchor":2,"Mummified Hand":30,"Pantograph":27,"Pandora\u0027s Box":34,"Turnip":9,"Bag of Marbles":24,"Cracked Core":0},{"Potion Belt":6,"Pear":8,"PreservedInsect":11,"Ginger":4,"Odd Mushroom":5,"Runic Dome":9,"OrangePellets":14,"Anchor":1,"Mummified Hand":14,"Pantograph":12,"Pandora\u0027s Box":15,"Turnip":5,"Bag of Marbles":11,"Cracked Core":0},{"Potion Belt":19,"Pear":26,"PreservedInsect":45,"Ginger":13,"Odd Mushroom":16,"Runic Dome":35,"OrangePellets":55,"Anchor":3,"Mummified Hand":55,"Pantograph":49,"Pandora\u0027s Box":72,"Turnip":16,"Bag of Marbles":45,"Cracked Core":0}]},"card_choices":[{"not_picked":["Fusion","Conserve Battery"],"picked":"Ball Lightning","floor":1.0},{"not_picked":["Rebound","Turbo","Hello World"],"picked":"SKIP","floor":4.0},{"not_picked":["Skim","Stack"],"picked":"Coolheaded","floor":5.0},{"not_picked":["Streamline","Stack"],"picked":"Self Repair","floor":7.0},{"not_picked":["Beam Cell","All For One"],"picked":"Steam","floor":8.0},{"not_picked":["Barrage","Stack","Fusion"],"picked":"SKIP","floor":11.0},{"not_picked":["Ball Lightning","Steam Power"],"picked":"Darkness","floor":12.0},{"not_picked":["Storm","Blizzard","Steam"],"picked":"SKIP","floor":14.0},{"not_picked":["Thunder Strike","Hyperbeam"],"picked":"Electrodynamics","floor":16.0},{"not_picked":["Blizzard","BootSequence","Cold Snap"],"picked":"SKIP","floor":18.0},{"not_picked":["Darkness","Aggregate","Hello World","Compile Driver","Redo","Beam Cell","Stack","Ball Lightning","Hologram","Barrage","Gash","Consume","Sweeping Beam","Rebound","Streamline","Cold Snap","Steam","Go for the Eyes","Coolheaded"],"picked":"Genetic Algorithm","floor":22.0},{"not_picked":["BootSequence","Streamline","Coolheaded"],"picked":"SKIP","floor":24.0},{"not_picked":["Reprogram","Tempest","Fusion"],"picked":"SKIP","floor":27.0},{"not_picked":["Cold Snap","Reprogram"],"picked":"Leap","floor":29.0},{"not_picked":["White Noise+1","Reinforced Body"],"picked":"Leap+1","floor":30.0},{"not_picked":["Seek","All For One"],"picked":"Biased Cognition","floor":33.0},{"not_picked":["Recycle","Reprogram"],"picked":"Steam Power+1","floor":35.0},{"not_picked":["Gash","Beam Cell"],"picked":"Compile Driver+1","floor":36.0},{"not_picked":["Transmutation","Secret Technique"],"picked":"Master of Strategy","floor":37.0},{"not_picked":["Transmutation","Flash of Steel"],"picked":"Finesse","floor":37.0},{"not_picked":["Mayhem","Jack Of All Trades"],"picked":"Flash of Steel","floor":37.0},{"not_picked":["Turbo","Hologram+1","Lockon"],"picked":"SKIP","floor":38},{"not_picked":["Auto Shields+1","Hello World"],"picked":"Stack+1","floor":39}],"player_experience":13090949,"relics_obtained":[{"floor":7.0,"key":"Ginger"},{"floor":8.0,"key":"Odd Mushroom"},{"floor":9.0,"key":"Turnip"},{"floor":11.0,"key":"Potion Belt"},{"floor":14.0,"key":"Pear"},{"floor":24.0,"key":"Bag of Marbles"},{"floor":26.0,"key":"PreservedInsect"},{"floor":27.0,"key":"Pantograph"},{"floor":30.0,"key":"Mummified Hand"}],"event_choices":[{"damage_healed":0.0,"max_hp_gain":0.0,"max_hp_loss":0.0,"gold_gain":0.0,"event_name":"Scrap Ooze","player_choice":"Success","floor":2.0,"gold_loss":0.0,"damage_taken":26.0,"relics_obtained":["Anchor"]},{"damage_healed":0.0,"max_hp_gain":0.0,"max_hp_loss":0.0,"gold_gain":0.0,"event_name":"Mushrooms","player_choice":"Fought Mushrooms","floor":8.0,"gold_loss":0.0,"damage_taken":0.0},{"damage_healed":0.0,"max_hp_gain":0.0,"max_hp_loss":0.0,"gold_gain":0.0,"event_name":"Nest","player_choice":"Joined the Cult","floor":20.0,"gold_loss":0.0,"damage_taken":6.0,"cards_obtained":["RitualDagger"]},{"damage_healed":0.0,"max_hp_gain":0.0,"max_hp_loss":0.0,"gold_gain":0.0,"event_name":"Vampires","player_choice":"Ignored","floor":21.0,"gold_loss":0.0,"damage_taken":0.0},{"damage_healed":0.0,"max_hp_gain":0.0,"max_hp_loss":0.0,"gold_gain":0.0,"event_name":"The Library","player_choice":"Read","floor":22.0,"gold_loss":0.0,"damage_taken":0.0,"cards_obtained":["Genetic Algorithm"]},{"damage_healed":0.0,"max_hp_gain":0.0,"max_hp_loss":0.0,"gold_gain":0.0,"event_name":"Forgotten Altar","player_choice":"Smashed Altar","floor":25.0,"gold_loss":0.0,"damage_taken":0.0,"cards_obtained":["Decay"]},{"damage_healed":0.0,"max_hp_gain":0.0,"max_hp_loss":0.0,"gold_gain":0.0,"event_name":"SensoryStone","player_choice":"Memory 3","floor":37.0,"gold_loss":0.0,"damage_taken":10.0},{"cards_removed":["Decay"],"damage_healed":0,"gold_gain":0,"player_choice":"Purged","damage_taken":0,"max_hp_gain":0,"max_hp_loss":0,"event_name":"Purifier","floor":41,"gold_loss":0}],"is_beta":false,"boss_relics":[{"not_picked":["Tiny House","Fusion Hammer"],"picked":"Runic Dome"},{"not_picked":["FrozenCore","Calling Bell"],"picked":"Pandora\u0027s Box"}],"items_purged_floors":[3,19],"is_endless":false,"potions_floor_spawned":[7,11,12,16,24,29,30,33,38,39],"killed_by":"Nemesis","ascension_level":20,"potion_discard_per_floor":[[],[],[],[],[],[],[],[],[],[],[],[],[],[],[],[],[],[],[],[],[],[],[],[],[],[],[],[],[],[],[],[],[],[],[],[],[],[],[],[],[],[],[],[]]}