{"gold_per_floor":[111,129,147,147,147,174,174,186,186,186,213,177,215,246,258,341,353,380,392,404,416,444,484,496],"floor_reached":24,"playtime":2493,"items_purged":[],"score":518,"play_id":"c5e08caa-de96-4fe7-98bf-201ba4c044a8","local_time":"20220514212758","is_ascension_mode":true,"campfire_choices":[{"data":"Dramatic Entrance","floor":7,"key":"SMITH"},{"data":"Blade Dance","floor":15,"key":"SMITH"}],"neow_cost":"NONE","seed_source_timestamp":1969888600032100,"shop_contents":[],"circlet_count":0,"master_deck":["AscendersBane","Strike_G","Strike_G","Strike_G","Strike_G","Strike_G","Defend_G","Defend_G","Defend_G","Defend_G","Defend_G+1","Survivor+1","Neutralize","Dramatic Entrance+1","Poisoned Stab","Masterful Stab","Blade Dance+1","Finisher","Terror","Cloak And Dagger","Backstab","Wraith Form v2","CurseOfTheBell","PiercingWail","RitualDagger+1","Decay"],"potion_use_per_floor":[[],[],[],[],[],["CunningPotion"],[],[],[],[],[],[],[],[],[],["Regen Potion","Swift Potion"],[],[],[],[],[],[],["Swift Potion"],[]],"relics":["Ring of the Snake","Dream Catcher","War Paint","MawBank","Lizard Tail","Calling Bell","Potion Belt","Molten Egg 2","CaptainsWheel","Enchiridion"],"potions_floor_usage":[6,16,16,23],"damage_taken":[{"damage":2,"enemies":"Jaw Worm","floor":1,"turns":5},{"damage":0,"enemies":"Cultist","floor":2,"turns":3},{"damage":0,"enemies":"2 Louse","floor":3,"turns":1},{"damage":12,"enemies":"3 Sentries","floor":6,"turns":5},{"damage":0,"enemies":"Red Slaver","floor":8,"turns":2},{"damage":14,"enemies":"Lagavulin","floor":11,"turns":5},{"damage":15,"enemies":"3 Sentries","floor":13,"turns":7},{"damage":1,"enemies":"Exordium Wildlife","floor":14,"turns":3},{"damage":51,"enemies":"The Guardian","floor":16,"turns":15},{"damage":0,"enemies":"Chosen","floor":18,"turns":2},{"damage":0,"enemies":"3 Byrds","floor":22,"turns":3},{"damage":20,"enemies":"Slavers","floor":23,"turns":6}],"seed_played":"922034073052147224","neow_bonus_log":{"cardsObtained":[],"cardsUpgraded":[],"cardsRemoved":[],"cardsTransformed":[],"relicsObtained":[],"maxHpGained":0,"goldGained":0,"damageTaken":0,"goldLost":0,"maxHpLost":0},"potions_obtained":[{"floor":1,"key":"Swift Potion"},{"floor":2,"key":"CunningPotion"},{"floor":13,"key":"Poison Potion"},{"floor":14,"key":"Regen Potion"},{"floor":22,"key":"Swift Potion"}],"is_trial":false,"path_per_floor":["M","M","M","?","?","E","R","M","T","?","E","?","E","M","R","B",null,"M","?","?","?","M","E","$"],"character_chosen":"THE_SILENT","items_purchased":[],"campfire_rested":0,"item_purchase_floors":[],"current_hp_per_floor":[57,57,57,57,50,38,38,38,38,38,24,24,9,8,8,5,51,51,30,24,24,24,4,4],"gold":496,"neow_bonus":"RANDOM_COLORLESS","is_prod":false,"is_daily":false,"rewards_skipped":[{"floor":23,"relics":["Blood Vial"],"potions":["FearPotion"]}],"chose_seed":false,"campfire_upgraded":2,"win_rate":0,"floor_exit_playtime":[157,252,311,326,343,693,700,770,775,782,863,868,1110,1262,1277,1703,2022,2052,2096,2119,2126,2182,2448],"timestamp":1652578078,"path_taken":["M","M","M","?","?","E","R","M","T","?","E","?","E","M","R","BOSS","M","?","?","?","?","E","$"],"build_version":"2022-03-07","purchased_purges":0,"victory":false,"max_hp_per_floor":[66,66,66,66,66,66,66,66,66,66,66,66,66,66,66,66,66,66,66,66,66,66,66,66],"relic_stats":{"Dream Catcher":0,"Lizard Tail":33,"counters":[12,57],"War Paint":["Defend_G","Survivor"],"MawBank":156,"obtain_stats":[{"Calling Bell":17,"Potion Belt":17,"Dream Catcher":6,"Lizard Tail":13,"CaptainsWheel":17,"Enchiridion":19,"Molten Egg 2":17,"War Paint":9,"MawBank":11,"Ring of the Snake":0},{"Calling Bell":9,"Potion Belt":9,"Dream Catcher":4,"Lizard Tail":7,"CaptainsWheel":9,"Enchiridion":10,"Molten Egg 2":9,"War Paint":5,"MawBank":6,"Ring of the Snake":0},{"Calling Bell":46,"Potion Belt":46,"Dream Catcher":14,"Lizard Tail":28,"CaptainsWheel":46,"Enchiridion":48,"Molten Egg 2":46,"War Paint":16,"MawBank":21,"Ring of the Snake":0}],"Ring of the Snake":[24]},"card_choices":[{"not_picked":["Jack Of All Trades","Good Instincts"],"picked":"Dramatic Entrance","floor":0},{"not_picked":["Flying Knee","Acrobatics"],"picked":"Poisoned Stab","floor":1},{"not_picked":["Outmaneuver","Flying Knee"],"picked":"Masterful Stab","floor":2},{"not_picked":["Flechettes","Expertise"],"picked":"Blade Dance","floor":3},{"not_picked":["All Out Attack","Unload"],"picked":"Finisher","floor":6},{"not_picked":["Flying Knee","Dagger Throw","Dagger Spray"],"picked":"SKIP","floor":8},{"not_picked":["Bane","Dagger Throw"],"picked":"Terror","floor":11},{"not_picked":["Outmaneuver","Slice"],"picked":"Cloak And Dagger","floor":13},{"not_picked":["Slice","Prepared"],"picked":"Backstab","floor":14},{"not_picked":["Glass Knife","Night Terror"],"picked":"Wraith Form v2","floor":16},{"not_picked":["Deflect","Flechettes+1"],"picked":"PiercingWail","floor":18},{"not_picked":["Bane+1","Choke+1","Dodge and Roll"],"picked":"SKIP","floor":22},{"not_picked":["Blade Dance","Backstab+1","Expertise"],"picked":"SKIP","floor":23}],"player_experience":12875482,"relics_obtained":[{"floor":6,"key":"Dream Catcher"},{"floor":9,"key":"War Paint"},{"floor":11,"key":"MawBank"},{"floor":13,"key":"Lizard Tail"},{"floor":17,"key":"Potion Belt"},{"floor":17,"key":"Molten Egg 2"},{"floor":17,"key":"CaptainsWheel"},{"floor":19,"key":"Enchiridion"}],"event_choices":[{"damage_healed":0,"gold_gain":0,"player_choice":"Cursed","damage_taken":0,"max_hp_gain":0,"max_hp_loss":0,"event_name":"Wheel of Change","floor":4,"gold_loss":0,"cards_obtained":["Decay"]},{"cards_removed":["Decay"],"damage_healed":0,"gold_gain":0,"player_choice":"Card Removal","damage_taken":7,"max_hp_gain":0,"max_hp_loss":0,"event_name":"Golden Wing","floor":5,"gold_loss":0},{"damage_healed":0,"gold_gain":0,"player_choice":"Ignored","damage_taken":0,"max_hp_gain":0,"max_hp_loss":0,"event_name":"Liars Game","floor":10,"gold_loss":0},{"damage_healed":0,"gold_gain":0,"player_choice":"Left Gold","damage_taken":0,"max_hp_gain":0,"max_hp_loss":0,"event_name":"World of Goop","floor":12,"gold_loss":48},{"damage_healed":0,"gold_gain":0,"player_choice":"Obtained Book","damage_taken":21,"max_hp_gain":0,"max_hp_loss":0,"event_name":"Cursed Tome","floor":19,"gold_loss":0},{"damage_healed":0,"gold_gain":0,"player_choice":"Joined the Cult","damage_taken":6,"max_hp_gain":0,"max_hp_loss":0,"event_name":"Nest","floor":20,"gold_loss":0,"cards_obtained":["RitualDagger"]},{"damage_healed":0,"gold_gain":0,"player_choice":"Smashed Altar","damage_taken":0,"max_hp_gain":0,"max_hp_loss":0,"event_name":"Forgotten Altar","floor":21,"gold_loss":0,"cards_obtained":["Decay"]}],"is_beta":false,"boss_relics":[{"not_picked":["Black Star","SlaversCollar"],"picked":"Calling Bell"}],"items_purged_floors":[],"is_endless":false,"potions_floor_spawned":[1,2,13,14,22,23],"ascension_level":20,"potion_discard_per_floor":[[],[],[],[],[],[],[],[],[],[],[],[],[],["Poison Potion"],[],[],[],[],[],[],[],[],[],[]]}