{"gold_per_floor":[118,128,128,138,152,152,180,194,194,219,219,253,48,48,48,122,122,133,133,151,164,179,207,207,233,233,233,246,277,24,38,38,114,114,129,145,165,165,180,180,235,250,250,250,268,302,326,351,363,375,387,399,411,28,56,56],"floor_reached":57,"playtime":7252,"items_purged":["Slice"],"score":2961,"play_id":"9c14a52a-fcfa-4957-83c2-59917e9f1f52","local_time":"20220510053932","is_ascension_mode":true,"campfire_choices":[{"data":"Blade Dance","floor":6,"key":"SMITH"},{"data":"Masterful Stab","floor":11,"key":"SMITH"},{"data":"Neutralize","floor":15,"key":"SMITH"},{"floor":24,"key":"RECALL"},{"floor":32,"key":"REST"},{"floor":40,"key":"REST"},{"floor":49,"key":"REST"},{"floor":53,"key":"REST"}],"neow_cost":"NONE","seed_source_timestamp":1562453321003000,"shop_contents":[{"floor":13,"relics":["Ornamental Fan","Toolbox"],"cards":["Flechettes","Flying Knee","PiercingWail","Distraction","Forethought","Violence"],"potions":["SpeedPotion","Swift Potion","Poison Potion"]},{"floor":30,"relics":["Orichalcum","Cauldron"],"cards":["Masterful Stab","Poisoned Stab","Expertise+1","Bouncing Flask+1","PanicButton+1","Panache+1"],"potions":["Fire Potion","Energy Potion","SpeedPotion"]},{"floor":54,"relics":["Gremlin Horn"],"cards":["Bane","Choke","Reflex+1","Dodge and Roll+1","Bandage Up+1","Magnetism+1"],"potions":["LiquidBronze","PowerPotion","Swift Potion"]}],"circlet_count":0,"master_deck":["AscendersBane","Defend_G","Defend_G","Defend_G","Defend_G","Defend_G","Survivor","Neutralize+1","Deadly Poison","Blade Dance+1","Backstab","Terror","Venomology","Masterful Stab+1","Deflect","Accuracy+1","Venomology+1","Dodge and Roll+1","Ghostly+1","Ghostly+1","Ghostly+1","Escape Plan+1","Well Laid Plans+1","Leg Sweep+1","Blade Dance+1","Burst+1","Accuracy+1","PiercingWail+1","Footwork+1","Leg Sweep+1","Night Terror+1","Poisoned Stab+1","Phantasmal Killer+1","Caltrops+1","Cloak And Dagger+1","Backflip+1","Deadly Poison+1","Backflip+1","Footwork+1","Night Terror+1","Noxious Fumes+1","Acrobatics+1"],"potion_use_per_floor":[[],[],[],[],[],[],["EssenceOfSteel"],[],[],["FearPotion"],[],[],[],[],[],["FearPotion"],[],["Regen Potion"],[],["Explosive Potion","Explosive Potion"],["SpeedPotion","Block Potion"],["EssenceOfSteel"],["Fire Potion","Energy Potion"],[],["SteroidPotion","Strength Potion"],[],[],["Energy Potion"],["FairyPotion","Dexterity Potion"],[],["SpeedPotion","EssenceOfSteel"],[],["SpeedPotion"],[],["Fruit Juice","Explosive Potion"],["SkillPotion","Weak Potion"],["GhostInAJar"],[],["SteroidPotion"],[],["GhostInAJar","Energy Potion"],[],[],[],[],[],[],["DuplicationPotion","Weak Potion"],[],["ColorlessPotion","Fire Potion"],["Block Potion"],[],[],[],["PowerPotion","GhostInAJar"],["PowerPotion","FearPotion","ColorlessPotion"],[]],"relics":["Ring of the Snake","Ancient Tea Set","Frozen Egg 2","Snake Skull","Paper Crane","Bag of Preparation","Toxic Egg 2","Fusion Hammer","Question Card","Mummified Hand","MealTicket","Centennial Puzzle","Astrolabe","FossilizedHelix","StrikeDummy","MawBank","Membership Card","Bottled Lightning","Pantograph"],"potions_floor_usage":[7,10,16,18,20,20,21,21,22,23,23,25,25,28,29,31,31,33,35,35,36,36,37,39,41,41,48,48,50,50,51,55,55,56,56,56],"damage_taken":[{"damage":0,"enemies":"Cultist","floor":1,"turns":3},{"damage":0,"enemies":"2 Louse","floor":2,"turns":4},{"damage":1,"enemies":"Jaw Worm","floor":4,"turns":3},{"damage":1,"enemies":"Exordium Wildlife","floor":5,"turns":4},{"damage":6,"enemies":"3 Sentries","floor":7,"turns":9},{"damage":1,"enemies":"3 Louse","floor":8,"turns":2},{"damage":0,"enemies":"Gremlin Nob","floor":10,"turns":3},{"damage":17,"enemies":"Lagavulin","floor":12,"turns":7},{"damage":29,"enemies":"The Guardian","floor":16,"turns":10},{"damage":0,"enemies":"Chosen","floor":18,"turns":3},{"damage":3,"enemies":"3 Byrds","floor":20,"turns":5},{"damage":1,"enemies":"Snecko","floor":21,"turns":7},{"damage":0,"enemies":"Centurion and Healer","floor":22,"turns":6},{"damage":18,"enemies":"Slavers","floor":23,"turns":10},{"damage":0,"enemies":"Book of Stabbing","floor":25,"turns":5},{"damage":3,"enemies":"Snake Plant","floor":28,"turns":5},{"damage":9,"enemies":"Slavers","floor":29,"turns":4},{"damage":11,"enemies":"Sentry and Sphere","floor":31,"turns":4},{"damage":17,"enemies":"Collector","floor":33,"turns":8},{"damage":0,"enemies":"3 Darklings","floor":35,"turns":4},{"damage":2,"enemies":"3 Shapes","floor":36,"turns":4},{"damage":1,"enemies":"Jaw Worm Horde","floor":37,"turns":4},{"damage":0,"enemies":"Sphere and 2 Shapes","floor":39,"turns":6},{"damage":2,"enemies":"2 Orb Walkers","floor":41,"turns":4},{"damage":2,"enemies":"Transient","floor":42,"turns":6},{"damage":3,"enemies":"Writhing Mass","floor":45,"turns":6},{"damage":0,"enemies":"Giant Head","floor":46,"turns":5},{"damage":0,"enemies":"4 Shapes","floor":47,"turns":6},{"damage":0,"enemies":"3 Darklings","floor":48,"turns":8},{"damage":0,"enemies":"Donu and Deca","floor":50,"turns":7},{"damage":4,"enemies":"Time Eater","floor":51,"turns":12},{"damage":8,"enemies":"Shield and Spear","floor":55,"turns":11},{"damage":15,"enemies":"The Heart","floor":56,"turns":11}],"seed_played":"5064403616470824689","neow_bonus_log":{"cardsObtained":["Deadly Poison"],"cardsUpgraded":[],"cardsRemoved":[],"cardsTransformed":["Strike_G"],"relicsObtained":[],"maxHpGained":0,"goldGained":0,"damageTaken":0,"goldLost":0,"maxHpLost":0},"potions_obtained":[{"floor":1,"key":"FearPotion"},{"floor":2,"key":"EssenceOfSteel"},{"floor":10,"key":"SneckoOil"},{"floor":16,"key":"Regen Potion"},{"floor":21,"key":"EssenceOfSteel"},{"floor":23,"key":"SteroidPotion"},{"floor":33,"key":"Fruit Juice"},{"floor":41,"key":"DuplicationPotion"}],"is_trial":false,"path_per_floor":["M","M","?","M","M","R","E","M","T","E","R","E","$","T","R","B",null,"M","?","M","M","M","E","R","E","T","?","M","E","$","M","R","B",null,"M","M","M","?","M","R","?","M","T","?","M","E","M","M","R","B","B",null,"R","$","E","B",null],"character_chosen":"THE_SILENT","items_purchased":["Bag of Preparation","Accuracy+1","Footwork+1","Centennial Puzzle","Membership Card","Bottled Lightning","Noxious Fumes+1"],"campfire_rested":4,"item_purchase_floors":[13,13,30,30,54,54,54],"current_hp_per_floor":[59,59,66,65,64,64,58,57,57,57,57,40,40,40,40,11,52,61,33,30,29,29,11,11,11,11,11,8,8,23,12,21,4,26,31,29,28,28,28,38,36,34,34,34,31,31,31,31,36,36,32,35,36,36,28,21],"gold":56,"neow_bonus":"TRANSFORM_CARD","is_prod":false,"is_daily":false,"rewards_skipped":[{"floor":29,"relics":[],"potions":["Strength Potion"]},{"floor":36,"relics":[],"potions":["BlessingOfTheForge"]},{"floor":46,"relics":[],"potions":["Energy Potion"]},{"floor":47,"relics":[],"potions":["PowerPotion"]}],"chose_seed":false,"campfire_upgraded":3,"win_rate":0,"floor_exit_playtime":[168,258,272,401,452,473,693,761,766,906,919,1067,1197,1205,1221,1433,1584,1725,1746,1848,1970,2104,2308,2326,2426,2515,2538,2710,2833,2913,3028,3032,3334,3484,3592,3725,3901,3912,4105,4110,4238,4406,4409,4423,4575,4737,4879,5098,5102,5315,5625,5639,5644,6389,6709,7252],"timestamp":1652175572,"blue_key_relic_skipped_log":{"floor":26,"relicID":"Letter Opener"},"path_taken":["M","M","?","?","M","R","E","M","T","E","R","E","$","?","R","BOSS","M","?","M","M","M","E","R","E","T","?","M","E","$","M","R","BOSS","M","M","M","?","M","R","?","M","T","?","?","E","M","M","R","BOSS","BOSS","R","$","E","BOSS"],"build_version":"2022-03-07","purchased_purges":1,"victory":true,"max_hp_per_floor":[66,66,66,66,66,66,66,66,66,66,66,66,66,66,66,66,66,66,33,33,33,33,33,33,33,33,33,33,33,33,33,33,33,33,38,38,38,38,38,38,38,38,38,36,36,36,36,36,36,36,36,36,36,36,36,36],"relic_stats":{"counters":[33,196],"Astrolabe":["Poisoned Stab","Phantasmal Killer","Caltrops"],"Snake Skull":[70],"Bag of Preparation":[50],"Ancient Tea Set":[14],"Question Card":16,"MawBank":96,"Centennial Puzzle":[29],"Mummified Hand":[110],"Pantograph":8,"MealTicket":15,"Membership Card":220,"Bottled Lightning":"Terror","obtain_stats":[{"Astrolabe":34,"Snake Skull":10,"Bag of Preparation":13,"Frozen Egg 2":9,"Paper Crane":12,"Ancient Tea Set":7,"Question Card":23,"MawBank":46,"Centennial Puzzle":30,"Mummified Hand":25,"Pantograph":55,"MealTicket":29,"Fusion Hammer":17,"Membership Card":54,"Bottled Lightning":54,"Toxic Egg 2":14,"StrikeDummy":43,"FossilizedHelix":41,"Ring of the Snake":0},{"Astrolabe":19,"Snake Skull":7,"Bag of Preparation":8,"Frozen Egg 2":6,"Paper Crane":8,"Ancient Tea Set":5,"Question Card":14,"MawBank":27,"Centennial Puzzle":17,"Mummified Hand":15,"Pantograph":32,"MealTicket":17,"Fusion Hammer":9,"Membership Card":31,"Bottled Lightning":31,"Toxic Egg 2":8,"StrikeDummy":25,"FossilizedHelix":24,"Ring of the Snake":0},{"Astrolabe":102,"Snake Skull":28,"Bag of Preparation":35,"Frozen Egg 2":25,"Paper Crane":35,"Ancient Tea Set":23,"Question Card":76,"MawBank":141,"Centennial Puzzle":90,"Mummified Hand":81,"Pantograph":185,"MealTicket":90,"Fusion Hammer":45,"Membership Card":174,"Bottled Lightning":174,"Toxic Egg 2":35,"StrikeDummy":130,"FossilizedHelix":124,"Ring of the Snake":0}],"FossilizedHelix":[39],"Ring of the Snake":[66]},"card_choices":[{"not_picked":["Outmaneuver","Deadly Poison","Prepared"],"picked":"SKIP","floor":1},{"not_picked":["Acrobatics","A Thousand Cuts"],"picked":"Blade Dance","floor":2},{"not_picked":["Skewer","Slice"],"picked":"Backstab","floor":4},{"not_picked":["Outmaneuver","Acrobatics"],"picked":"Slice","floor":5},{"not_picked":["Acrobatics","Skewer"],"picked":"Terror","floor":7},{"not_picked":["Dagger Spray","Flying Knee"],"picked":"Venomology","floor":8},{"not_picked":["Outmaneuver","PiercingWail"],"picked":"Masterful Stab","floor":10},{"not_picked":["Dagger Spray","Slice"],"picked":"Deflect","floor":12},{"not_picked":["Grand Finale","Unload"],"picked":"Venomology+1","floor":16},{"not_picked":["Dagger Throw","Blur+1"],"picked":"Dodge and Roll+1","floor":18},{"not_picked":["Dagger Spray","Bane"],"picked":"Escape Plan+1","floor":20},{"not_picked":["All Out Attack","Calculated Gamble+1"],"picked":"Well Laid Plans+1","floor":21},{"not_picked":["Slice","Caltrops+1","Dagger Throw"],"picked":"SKIP","floor":22},{"not_picked":["Poisoned Stab+1","Backflip+1"],"picked":"Leg Sweep+1","floor":23},{"not_picked":["Outmaneuver+1","Dodge and Roll+1","Dash"],"picked":"Blade Dance+1","floor":25},{"not_picked":["Deflect+1","Underhanded Strike","Finisher","Flechettes","Skewer","Unload","Endless Agony","Tactician+1","Deadly Poison+1","Sucker Punch","Distraction+1","Outmaneuver+1","Backflip+1","Grand Finale","Escape Plan+1","Flying Knee","Blade Dance+1","Quick Slash","Dodge and Roll+1"],"picked":"Burst+1","floor":27},{"not_picked":["Reflex+1","Flying Knee","Footwork+1"],"picked":"Accuracy+1","floor":28},{"not_picked":["Sucker Punch","Choke","Storm of Steel+1"],"picked":"PiercingWail+1","floor":29},{"not_picked":["Escape Plan+1","Dagger Throw","Expertise+1"],"picked":"Leg Sweep+1","floor":31},{"not_picked":["After Image+1","Unload","Grand Finale"],"picked":"Night Terror+1","floor":33},{"not_picked":["Deflect+1","Riddle With Holes+1","Calculated Gamble+1"],"picked":"Cloak And Dagger+1","floor":35},{"not_picked":["Bouncing Flask+1","All Out Attack+1","Slice","Expertise+1"],"picked":"SKIP","floor":36},{"not_picked":["Underhanded Strike+1","Noxious Fumes+1","Dagger Spray"],"picked":"Backflip+1","floor":37},{"not_picked":["Outmaneuver+1","Bane","Skewer","Deflect+1"],"picked":"SKIP","floor":39},{"not_picked":["Outmaneuver+1","Bane","Skewer","Deflect+1"],"picked":"SKIP","floor":39},{"not_picked":["Masterful Stab","Noxious Fumes+1","Grand Finale"],"picked":"Backflip+1","floor":41},{"not_picked":["Dagger Throw","Choke+1","Reflex+1","Caltrops+1"],"picked":"SKIP","floor":42},{"not_picked":["Outmaneuver+1","Concentrate+1","Deadly Poison+1"],"picked":"Footwork+1","floor":45},{"not_picked":["Noxious Fumes+1","Crippling Poison+1","Caltrops+1","Bane+1"],"picked":"SKIP","floor":46},{"not_picked":["Riddle With Holes","Flying Knee","Sucker Punch","Slice"],"picked":"SKIP","floor":47},{"not_picked":["Acrobatics+1","Deadly Poison+1","Backflip+1"],"picked":"Night Terror+1","floor":48},{"not_picked":["Underhanded Strike","Deadly Poison+1","Flying Knee+1"],"picked":"Acrobatics+1","floor":55}],"player_experience":12848418,"relics_obtained":[{"floor":7,"key":"Ancient Tea Set"},{"floor":9,"key":"Frozen Egg 2"},{"floor":10,"key":"Snake Skull"},{"floor":12,"key":"Paper Crane"},{"floor":14,"key":"Toxic Egg 2"},{"floor":23,"key":"Question Card"},{"floor":25,"key":"Mummified Hand"},{"floor":29,"key":"MealTicket"},{"floor":41,"key":"FossilizedHelix"},{"floor":43,"key":"StrikeDummy"},{"floor":46,"key":"MawBank"},{"floor":55,"key":"Pantograph"}],"event_choices":[{"damage_healed":7,"gold_gain":0,"player_choice":"Full Heal","damage_taken":0,"max_hp_gain":0,"max_hp_loss":0,"event_name":"Wheel of Change","floor":3,"gold_loss":0},{"damage_healed":0,"gold_gain":0,"player_choice":"Became a Ghost","damage_taken":0,"max_hp_gain":0,"max_hp_loss":33,"event_name":"Ghosts","floor":19,"gold_loss":0,"cards_obtained":["Ghostly","Ghostly","Ghostly"]},{"damage_healed":0,"gold_gain":0,"player_choice":"Read","damage_taken":0,"max_hp_gain":0,"max_hp_loss":0,"event_name":"The Library","floor":27,"gold_loss":0,"cards_obtained":["Burst"]},{"damage_healed":0,"gold_gain":0,"cards_transformed":["Strike_G"],"player_choice":"Transformed","damage_taken":0,"max_hp_gain":0,"max_hp_loss":0,"event_name":"Transmorgrifier","floor":38,"gold_loss":0,"cards_obtained":["Deadly Poison"]},{"damage_healed":0,"gold_gain":0,"player_choice":"Fight","damage_taken":0,"max_hp_gain":0,"max_hp_loss":0,"event_name":"Mysterious Sphere","floor":41,"gold_loss":0},{"damage_healed":0,"gold_gain":0,"player_choice":"Max HP","damage_taken":0,"max_hp_gain":0,"max_hp_loss":2,"event_name":"Winding Halls","floor":44,"gold_loss":0}],"is_beta":false,"boss_relics":[{"not_picked":["Cursed Key","Sozu"],"picked":"Fusion Hammer"},{"not_picked":["SlaversCollar","WristBlade"],"picked":"Astrolabe"}],"items_purged_floors":[54],"is_endless":false,"potions_floor_spawned":[1,2,10,16,21,23,29,33,36,41,46,47],"ascension_level":20,"potion_discard_per_floor":[[],[],[],[],[],[],[],[],[],[],[],[],[],[],[],["SneckoOil"],[],[],[],[],[],[],["AttackPotion"],[],[],[],[],["FairyPotion"],[],[],[],[],["SneckoOil"],[],[],[],[],[],[],[],["PowerPotion"],[],[],[],[],[],[],[],[],[],[],[],[],[],[],[],[]]}