{"gold_per_floor":[110,12,12,12,32,67,67,110,110,110,125,125,160,174,174,267,267,282,282,307,307,326,360,360,396,423,465,492,626,675,702,702,807,807,820,860,875,900,900,945,974,1013,1039,1075,1108,1108,1149,1201,1201,1201,1201,1201,1201,590,642,642],"floor_reached":57,"playtime":7010,"items_purged":["Strike_R"],"score":3036,"play_id":"02be86b6-8687-4d42-9102-c10b61a7b245","local_time":"20220504004520","is_ascension_mode":true,"campfire_choices":[{"data":"Inflame","floor":12,"key":"SMITH"},{"data":"Fiend Fire","floor":15,"key":"SMITH"},{"data":"Strike_R","floor":24,"key":"PURGE"},{"data":"Uppercut","floor":32,"key":"SMITH"},{"floor":49,"key":"RECALL"},{"data":"Strike_R","floor":53,"key":"PURGE"}],"neow_cost":"NONE","seed_source_timestamp":0,"shop_contents":[{"floor":2,"relics":["Molten Egg 2","Self Forming Clay","Toolbox"],"cards":["Heavy Blade","Anger","Disarm","Dual Wield","Purity","Panache"],"potions":["SmokeBomb","Dexterity Potion"]},{"floor":54,"relics":[],"cards":["Whirlwind","Hemokinesis","Flame Barrier","Evolve+1","Magnetism+1"],"potions":["Energy Potion","Explosive Potion"]}],"circlet_count":0,"master_deck":["AscendersBane","Strike_R+1","Defend_R","Defend_R","Defend_R","Defend_R","Bash","Whirlwind+1","Inflame+1","Anger","Disarm","Shrug It Off+1","Iron Wave","Fiend Fire+1","Impervious","Battle Trance","Power Through","Sword Boomerang+1","Uppercut+1","Dropkick+1","Ghostly","Ghostly","Ghostly","Pommel Strike+1","Second Wind","Thunderclap","Demon Form+1","True Grit+1","Corruption+1","Pommel Strike+1","Disarm+1","Pummel+1","Burning Pact","Evolve+1","Shrug It Off","Shockwave","Finesse","Pummel+1"],"special_seed":0,"potion_use_per_floor":[[],[],[],[],[],[],[],["FearPotion"],[],[],[],[],[],[],[],["AttackPotion"],[],[],[],[],[],[],["Block Potion","SkillPotion"],[],[],[],["HeartOfIron"],[],[],[],[],[],["Strength Potion"],[],[],[],["BloodPotion"],[],["SmokeBomb"],["DistilledChaos"],[],[],[],[],[],[],[],[],[],[],[],[],[],["BloodPotion"],[],["PowerPotion","EntropicBrew","SkillPotion","Strength Potion"],[]],"relics":["Burning Blood","NeowsBlessing","Golden Idol","Akabeko","PreservedInsect","Ornamental Fan","Centennial Puzzle","Black Star","Peace Pipe","Mango","Question Card","Incense Burner","CeramicFish","Frozen Egg 2","Tiny Chest","Gambling Chip","Eternal Feather","Bottled Lightning","Prayer Wheel","SlaversCollar","TungstenRod","MealTicket","Thread and Needle","CaptainsWheel","Singing Bowl","Bottled Tornado","Boot","Ancient Tea Set","Whetstone","Bag of Marbles","Ice Cream","Membership Card","Letter Opener","Mercury Hourglass","InkBottle"],"potions_floor_usage":[8,16,23,23,27,33,37,39,40,54,56,56,56,56],"damage_taken":[{"damage":0.0,"enemies":"2 Louse","floor":1.0,"turns":1.0},{"damage":0.0,"enemies":"Cultist","floor":5.0,"turns":2.0},{"damage":0,"enemies":"Gremlin Nob","floor":6,"turns":1},{"damage":16,"enemies":"Lagavulin","floor":8,"turns":7},{"damage":0,"enemies":"Small Slimes","floor":11,"turns":1},{"damage":0,"enemies":"Gremlin Nob","floor":13,"turns":3},{"damage":4,"enemies":"Looter","floor":14,"turns":2},{"damage":9,"enemies":"The Guardian","floor":16,"turns":7},{"damage":13,"enemies":"2 Thieves","floor":18,"turns":3},{"damage":1,"enemies":"Spheric Guardian","floor":20,"turns":3},{"damage":11,"enemies":"Shelled Parasite and Fungi","floor":22,"turns":7},{"damage":23,"enemies":"Slavers","floor":23,"turns":5},{"damage":18,"enemies":"Gremlin Leader","floor":25,"turns":4},{"damage":11,"enemies":"Slavers","floor":27,"turns":2},{"damage":13,"enemies":"Colosseum Slavers","floor":29,"turns":2},{"damage":7,"enemies":"Colosseum Nobs","floor":29,"turns":5},{"damage":2,"enemies":"Gremlin Leader","floor":30,"turns":4},{"damage":2,"enemies":"Centurion and Healer","floor":31,"turns":11},{"damage":32,"enemies":"Automaton","floor":33,"turns":9},{"damage":6,"enemies":"3 Darklings","floor":35,"turns":5},{"damage":15,"enemies":"Mind Bloom Boss Battle","floor":36,"turns":6},{"damage":6,"enemies":"Orb Walker","floor":37,"turns":4},{"damage":5,"enemies":"Writhing Mass","floor":39,"turns":4},{"damage":2,"enemies":"Giant Head","floor":40,"turns":6},{"damage":10,"enemies":"4 Shapes","floor":41,"turns":12},{"damage":8,"enemies":"Nemesis","floor":42,"turns":9},{"damage":7,"enemies":"Jaw Worm Horde","floor":44,"turns":3},{"damage":4,"enemies":"Reptomancer","floor":45,"turns":6},{"damage":6,"enemies":"Sphere and 2 Shapes","floor":47,"turns":5},{"damage":8,"enemies":"Giant Head","floor":48,"turns":7},{"damage":2,"enemies":"Time Eater","floor":50,"turns":7},{"damage":19,"enemies":"Awakened One","floor":51,"turns":11},{"damage":11,"enemies":"Shield and Spear","floor":55,"turns":6},{"damage":16,"enemies":"The Heart","floor":56,"turns":7}],"seed_played":"2962329364900003628","neow_bonus_log":{"cardsObtained":[],"cardsUpgraded":[],"cardsRemoved":[],"cardsTransformed":[],"relicsObtained":["NeowsBlessing"],"maxHpGained":0,"goldGained":0,"damageTaken":0,"goldLost":0,"maxHpLost":0},"potions_obtained":[{"floor":6,"key":"FearPotion"},{"floor":14,"key":"Dexterity Potion"},{"floor":16,"key":"SkillPotion"},{"floor":20,"key":"Block Potion"},{"floor":25,"key":"HeartOfIron"},{"floor":27,"key":"Weak Potion"},{"floor":30,"key":"Strength Potion"},{"floor":31,"key":"DistilledChaos"},{"floor":33,"key":"BloodPotion"},{"floor":37,"key":"SmokeBomb"},{"floor":40,"key":"PowerPotion"},{"floor":41,"key":"Regen Potion"},{"floor":47,"key":"BloodPotion"}],"is_trial":false,"path_per_floor":["M","$","?","?","M","E","?","E","T","?","M","R","E","M","R","B",null,"M","?","M","T","M","E","R","E","T","E","?","?","E","M","R","B",null,"M","?","M","T","M","E","M","E","T","M","E","?","M","E","R","B","B",null,"R","$","E","B",null],"character_chosen":"IRONCLAD","items_purchased":["Inflame","AttackPotion","Membership Card","Letter Opener","Mercury Hourglass","Shockwave","Finesse","EntropicBrew"],"campfire_rested":0,"item_purchase_floors":[2,2,54,54,54,54,54,54],"current_hp_per_floor":[74,74,67,41,47,53,53,43,43,20,26,26,32,34,34,31,64,57,57,62,62,57,54,54,42,42,37,37,29,33,37,44,18,38,38,29,37,37,38,42,38,38,38,37,41,41,41,39,48,48,35,45,48,48,43,33],"gold":642,"neow_bonus":"THREE_ENEMY_KILL","is_prod":false,"is_daily":false,"rewards_skipped":[{"floor":45,"relics":[],"potions":["Explosive Potion"]},{"floor":55,"relics":["Bottled Flame"],"potions":[]}],"chose_seed":false,"campfire_upgraded":3,"win_rate":0,"floor_exit_playtime":[805,844,851,861,884,1120,1124,1214,1218,1269,1286,1298,1517,1552,1561,1774,1842,1956,1982,2055,2146,2242,2532,2548,2633,2638,2703,2719,2969,3169,3536,3546,3851,3881,4055,4182,4274,4288,4511,4697,4855,5002,5053,5207,5377,5381,5546,5668,5673,5849,6175,6187,6212,6309,6535,7010],"timestamp":1651639520,"blue_key_relic_skipped_log":{"floor":21,"relicID":"StrikeDummy"},"path_taken":["M","$","?","?","M","E","?","E","T","?","M","R","E","M","R","BOSS","M","?","M","?","?","E","R","E","T","E","?","?","E","M","R","BOSS","M","?","M","?","M","E","M","E","T","M","E","?","?","E","R","BOSS","BOSS","R","$","E","BOSS"],"build_version":"2022-03-07","purchased_purges":1,"victory":true,"max_hp_per_floor":[75,75,75,75,75,75,75,75,75,75,75,75,75,75,75,75,75,75,75,75,75,75,89,89,89,89,89,44,44,44,44,44,44,44,44,44,44,44,44,44,44,46,46,46,48,48,48,48,48,48,48,48,48,48,48,48],"relic_stats":{"Ice Cream":[44],"Singing Bowl":4,"CeramicFish":171,"Whetstone":["Strike_R","Sword Boomerang"],"Bottled Tornado":"Demon Form","Boot":[6],"Ancient Tea Set":[4],"Burning Blood":200,"Centennial Puzzle":[84],"Gambling Chip":[47],"Tiny Chest":1,"Prayer Wheel":6,"MealTicket":0,"InkBottle":[2],"counters":[34,176],"Golden Idol":272,"Eternal Feather":19,"PreservedInsect":687,"Letter Opener":[10],"Question Card":22,"Mercury Hourglass":[42],"Peace Pipe":2,"Ornamental Fan":[128],"Black Star":9,"Bottled Lightning":"Battle Trance","Membership Card":460,"obtain_stats":[{"Ice Cream":48,"Singing Bowl":42,"CeramicFish":26,"Mango":23,"Incense Burner":25,"Whetstone":45,"Bottled Tornado":42,"Boot":43,"Ancient Tea Set":45,"Burning Blood":0,"Centennial Puzzle":13,"Gambling Chip":29,"Tiny Chest":27,"Prayer Wheel":30,"MealTicket":38,"InkBottle":55,"NeowsBlessing":0,"Golden Idol":4,"Eternal Feather":29,"Thread and Needle":40,"PreservedInsect":8,"Letter Opener":54,"Frozen Egg 2":27,"Question Card":25,"Akabeko":6,"Mercury Hourglass":54,"Peace Pipe":23,"SlaversCollar":34,"CaptainsWheel":40,"Ornamental Fan":9,"Black Star":17,"Bag of Marbles":48,"Bottled Lightning":30,"Membership Card":54,"TungstenRod":36},{"Ice Cream":30,"Singing Bowl":26,"CeramicFish":13,"Mango":12,"Incense Burner":13,"Whetstone":28,"Bottled Tornado":26,"Boot":26,"Ancient Tea Set":28,"Burning Blood":0,"Centennial Puzzle":6,"Gambling Chip":16,"Tiny Chest":14,"Prayer Wheel":17,"MealTicket":22,"InkBottle":33,"NeowsBlessing":0,"Golden Idol":1,"Eternal Feather":16,"Thread and Needle":24,"PreservedInsect":4,"Letter Opener":32,"Frozen Egg 2":14,"Question Card":13,"Akabeko":3,"Mercury Hourglass":32,"Peace Pipe":12,"SlaversCollar":19,"CaptainsWheel":24,"Ornamental Fan":4,"Black Star":8,"Bag of Marbles":30,"Bottled Lightning":17,"Membership Card":32,"TungstenRod":21},{"Ice Cream":146,"Singing Bowl":125,"CeramicFish":46,"Mango":42,"Incense Burner":46,"Whetstone":134,"Bottled Tornado":125,"Boot":125,"Ancient Tea Set":134,"Burning Blood":0,"Centennial Puzzle":15,"Gambling Chip":55,"Tiny Chest":48,"Prayer Wheel":59,"MealTicket":94,"InkBottle":169,"NeowsBlessing":0,"Golden Idol":1,"Eternal Feather":55,"Thread and Needle":104,"PreservedInsect":11,"Letter Opener":164,"Frozen Egg 2":48,"Question Card":46,"Akabeko":4,"Mercury Hourglass":164,"Peace Pipe":42,"SlaversCollar":79,"CaptainsWheel":104,"Ornamental Fan":11,"Black Star":24,"Bag of Marbles":146,"Bottled Lightning":59,"Membership Card":164,"TungstenRod":90}],"TungstenRod":61},"card_choices":[{"not_picked":["Searing Blow","Perfected Strike"],"picked":"Whirlwind","floor":1.0},{"not_picked":["True Grit","Seeing Red"],"picked":"Anger","floor":5},{"not_picked":["Intimidate","Uppercut"],"picked":"Disarm","floor":6},{"not_picked":["Headbutt","Clash"],"picked":"Shrug It Off","floor":8},{"not_picked":["Headbutt","Fire Breathing","Searing Blow"],"picked":"SKIP","floor":11},{"not_picked":["Inflame","Warcry"],"picked":"Iron Wave","floor":13},{"not_picked":["Evolve","Dropkick"],"picked":"Fiend Fire","floor":14},{"not_picked":["Immolate","Juggernaut"],"picked":"Impervious","floor":16},{"not_picked":["Clothesline","Burning Pact","Infernal Blade"],"picked":"SKIP","floor":18},{"not_picked":["Cleave","Dropkick","Flex","Seeing Red","Shrug It Off","Clash","Warcry","Body Slam","Thunderclap","Armaments","Feel No Pain","Infernal Blade","True Grit","Heavy Blade","Inflame","Hemokinesis","Clothesline","Metallicize","Flame Barrier"],"picked":"Battle Trance","floor":19},{"not_picked":["Wild Strike+1","Armaments"],"picked":"Power Through","floor":20},{"not_picked":["Burning Pact","True Grit"],"picked":"Sword Boomerang","floor":22},{"not_picked":["Berserk","Inflame"],"picked":"Uppercut","floor":23},{"not_picked":["Flex","Rupture","Body Slam"],"picked":"SKIP","floor":25},{"not_picked":["Armaments","Fiend Fire","Flame Barrier"],"picked":"Dropkick+1","floor":27},{"not_picked":["Armaments","Wild Strike","Perfected Strike"],"picked":"Pommel Strike+1","floor":29},{"not_picked":["Pommel Strike","True Grit","Metallicize+1"],"picked":"Second Wind","floor":30},{"not_picked":["Flex","Combust+1","Barricade+1"],"picked":"Thunderclap","floor":31},{"not_picked":["Flex","Pommel Strike","True Grit","Heavy Blade+1"],"picked":"SKIP","floor":31},{"not_picked":["Flex","Pommel Strike","True Grit","Heavy Blade+1"],"picked":"SKIP","floor":31},{"not_picked":["Bludgeon","Impervious","Reaper"],"picked":"Demon Form+1","floor":33},{"not_picked":["Headbutt","Clothesline","Wild Strike+1","Iron Wave+1"],"picked":"SKIP","floor":35},{"not_picked":["Cleave","Headbutt","Perfected Strike","Wild Strike"],"picked":"SKIP","floor":35},{"not_picked":["Headbutt","Clothesline","Wild Strike+1","Iron Wave+1"],"picked":"SKIP","floor":35},{"not_picked":["Cleave","Headbutt","Perfected Strike","Wild Strike"],"picked":"SKIP","floor":35},{"not_picked":["Whirlwind","Fire Breathing+1","Uppercut"],"picked":"True Grit+1","floor":36},{"not_picked":["Carnage","Rage","Headbutt+1","Wild Strike+1"],"picked":"SKIP","floor":37},{"not_picked":["Thunderclap","Sword Boomerang","Armaments","Rampage+1"],"picked":"SKIP","floor":37},{"not_picked":["Disarm","Feel No Pain+1","Combust+1"],"picked":"Corruption+1","floor":40},{"not_picked":["Ghostly Armor+1","Sever Soul","Uppercut"],"picked":"Pommel Strike+1","floor":41},{"not_picked":["Rupture+1","Pommel Strike","Sword Boomerang","Thunderclap"],"picked":"SKIP","floor":41},{"not_picked":["Rupture+1","Pommel Strike","Sword Boomerang","Thunderclap"],"picked":"SKIP","floor":41},{"not_picked":["Hemokinesis","Armaments","Clash","Ghostly Armor"],"picked":"Singing Bowl","floor":42},{"not_picked":["Flex","Inflame+1","Rage"],"picked":"Disarm+1","floor":44},{"not_picked":["Sever Soul","Dropkick","True Grit"],"picked":"Pummel+1","floor":44},{"not_picked":["Seeing Red","Heavy Blade","Sword Boomerang","Perfected Strike"],"picked":"Singing Bowl","floor":45},{"not_picked":["Flex","Iron Wave+1","Twin Strike"],"picked":"Burning Pact","floor":47},{"not_picked":["Rupture+1","Fire Breathing+1","Searing Blow+1"],"picked":"Evolve+1","floor":47},{"not_picked":["Flame Barrier","True Grit","Twin Strike"],"picked":"Shrug It Off","floor":48},{"not_picked":["Cleave","Thunderclap","Fire Breathing+1"],"picked":"Pummel+1","floor":55}],"player_experience":12795917,"relics_obtained":[{"floor":6,"key":"Akabeko"},{"floor":8,"key":"PreservedInsect"},{"floor":9,"key":"Ornamental Fan"},{"floor":13,"key":"Centennial Puzzle"},{"floor":23,"key":"Peace Pipe"},{"floor":23,"key":"Mango"},{"floor":25,"key":"Question Card"},{"floor":25,"key":"Incense Burner"},{"floor":26,"key":"CeramicFish"},{"floor":27,"key":"Frozen Egg 2"},{"floor":27,"key":"Tiny Chest"},{"floor":29,"key":"Gambling Chip"},{"floor":29,"key":"Eternal Feather"},{"floor":30,"key":"Bottled Lightning"},{"floor":30,"key":"Prayer Wheel"},{"floor":36,"key":"TungstenRod"},{"floor":38,"key":"MealTicket"},{"floor":40,"key":"Thread and Needle"},{"floor":40,"key":"CaptainsWheel"},{"floor":42,"key":"Singing Bowl"},{"floor":42,"key":"Bottled Tornado"},{"floor":43,"key":"Boot"},{"floor":45,"key":"Ancient Tea Set"},{"floor":45,"key":"Whetstone"},{"floor":48,"key":"Bag of Marbles"},{"floor":48,"key":"Ice Cream"},{"floor":55,"key":"InkBottle"}],"event_choices":[{"cards_removed":["Strike_R"],"damage_healed":0.0,"max_hp_gain":0.0,"max_hp_loss":0.0,"gold_gain":0.0,"event_name":"Golden Wing","player_choice":"Card Removal","floor":3.0,"gold_loss":0.0,"damage_taken":7.0},{"damage_healed":0.0,"max_hp_gain":0.0,"max_hp_loss":0.0,"gold_gain":0.0,"event_name":"Golden Idol","player_choice":"Take Damage","floor":4.0,"gold_loss":0.0,"damage_taken":26.0,"relics_obtained":["Golden Idol"]},{"damage_healed":0,"gold_gain":0,"player_choice":"Ignored","damage_taken":0,"max_hp_gain":0,"max_hp_loss":0,"event_name":"Liars Game","floor":7,"gold_loss":0},{"damage_healed":0,"gold_gain":0,"player_choice":"Entered Light","damage_taken":23,"max_hp_gain":0,"max_hp_loss":0,"event_name":"Shining Light","floor":10,"gold_loss":0,"cards_upgraded":["Whirlwind","Shrug It Off"]},{"damage_healed":0,"gold_gain":0,"player_choice":"Read","damage_taken":0,"max_hp_gain":0,"max_hp_loss":0,"event_name":"The Library","floor":19,"gold_loss":0,"cards_obtained":["Battle Trance"]},{"damage_healed":0,"gold_gain":0,"player_choice":"Became a Ghost","damage_taken":0,"max_hp_gain":0,"max_hp_loss":45,"event_name":"Ghosts","floor":28,"gold_loss":0,"cards_obtained":["Ghostly","Ghostly","Ghostly"]},{"damage_healed":0,"gold_gain":0,"player_choice":"Fight","damage_taken":0,"max_hp_gain":0,"max_hp_loss":0,"event_name":"Colosseum","floor":29,"gold_loss":0},{"damage_healed":0,"gold_gain":0,"player_choice":"Fought Nobs","damage_taken":0,"max_hp_gain":0,"max_hp_loss":0,"event_name":"Colosseum","floor":29,"gold_loss":0},{"damage_healed":0,"gold_gain":0,"player_choice":"Fight","damage_taken":0,"max_hp_gain":0,"max_hp_loss":0,"event_name":"MindBloom","floor":36,"gold_loss":0},{"damage_healed":0,"gold_gain":0,"player_choice":"Ignored","damage_taken":0,"max_hp_gain":0,"max_hp_loss":0,"event_name":"Tomb of Lord Red Mask","floor":46,"gold_loss":0}],"is_beta":false,"boss_relics":[{"not_picked":["Ectoplasm","Black Blood"],"picked":"Black Star"},{"not_picked":["Busted Crown","Sozu"],"picked":"SlaversCollar"}],"items_purged_floors":[54],"is_endless":false,"potions_floor_spawned":[6,14,16,20,25,27,30,31,33,37,39,40,41,45,47],"ascension_level":20}