{"gold_per_floor":[368,380,380,397,51,76,92,126,196,196,207,220,253,263,263,341,341,351,369,294,294,40,70,70,101,101,101,132,146,184,212,212,295,322,346,346,368,395,422,422,464,490,490,534,193,219,260,284,284,284,284,284,284,106,147,147],"floor_reached":57,"playtime":5411,"items_purged":["Strike_R","Twin Strike","Whirlwind+1"],"score":3113,"play_id":"c499fd7e-f334-4232-a8ff-e6a41031c2ba","local_time":"20220506222036","falling_options_log":["Power Through","Dark Embrace+1"],"is_ascension_mode":true,"campfire_choices":[{"data":"Inflame","floor":15,"key":"SMITH"},{"data":"Fiend Fire","floor":24,"key":"SMITH"},{"data":"Whirlwind","floor":27,"key":"SMITH"},{"data":"Bash","floor":32,"key":"SMITH"},{"data":"Uppercut","floor":40,"key":"SMITH"},{"floor":49,"key":"RECALL"},{"data":"Purity","floor":53,"key":"SMITH"}],"neow_cost":"CURSE","seed_source_timestamp":1278893736894100,"shop_contents":[{"floor":5,"relics":["Dream Catcher","Strange Spoon"],"cards":["Sword Boomerang","Offering","Dual Wield","Trip","Violence"],"potions":["Explosive Potion","Strength Potion"]},{"floor":22,"relics":["Question Card","Singing Bowl","DollysMirror"],"cards":["Anger","Shrug It Off","Double Tap","Dark Embrace","Good Instincts","Secret Technique"],"potions":["Weak Potion","Regen Potion","SpeedPotion"]},{"floor":45,"relics":["Toy Ornithopter","Strawberry"],"cards":["Searing Blow","Anger","Flex","Combust","Good Instincts","Metamorphosis"],"potions":["SteroidPotion","SneckoOil","Fire Potion"]},{"floor":54,"relics":["CaptainsWheel","Lizard Tail","Brimstone"],"cards":["Rampage","Carnage","Power Through","Flex","Rupture","Madness","Secret Technique"],"potions":["EssenceOfSteel","BloodPotion"]}],"circlet_count":0,"master_deck":["AscendersBane","Defend_R","Defend_R","Defend_R","Defend_R","Bash+1","Inflame+1","Shrug It Off","Disarm","Pommel Strike","Feed","Power Through","Fiend Fire+1","Power Through","Second Wind","Twin Strike+1","Corruption","Dark Embrace+1","Pummel+1","Pommel Strike+1","Uppercut+1","Body Slam+1","Master of Strategy","Secret Technique","Purity+1","Disarm","Uppercut+1","Burning Pact+1","Second Wind","Bloodletting","Flame Barrier+1","Evolve+1","Exhume"],"potion_use_per_floor":[[],[],[],[],[],["AttackPotion"],[],["DuplicationPotion"],[],[],["Fruit Juice"],[],["FearPotion"],[],[],[],[],["BlessingOfTheForge"],[],[],[],[],["SneckoOil"],[],["DistilledChaos"],[],[],[],[],[],[],[],["Weak Potion","Fire Potion"],[],[],[],[],[],[],[],["GamblersBrew"],[],[],[],[],[],[],[],[],[],[],[],[],[],[],["PowerPotion","PowerPotion"],[]],"relics":["Burning Blood","Oddly Smooth Stone","Bottled Tornado","Regal Pillow","Gremlin Horn","Pantograph","Coffee Dripper","Pear","Orichalcum","Boot","CeramicFish","Astrolabe","PreservedInsect","Mercury Hourglass","Sundial","Toolbox","Pocketwatch","Self Forming Clay"],"potions_floor_usage":[6,8,11,13,18,23,25,33,33,41,56,56],"damage_taken":[{"damage":6,"enemies":"2 Louse","floor":1,"turns":5},{"damage":10,"enemies":"Small Slimes","floor":2,"turns":3},{"damage":1,"enemies":"Cultist","floor":4,"turns":3},{"damage":10,"enemies":"Gremlin Nob","floor":6,"turns":3},{"damage":8,"enemies":"3 Louse","floor":7,"turns":3},{"damage":22,"enemies":"3 Sentries","floor":8,"turns":7},{"damage":9,"enemies":"Blue Slaver","floor":11,"turns":3},{"damage":0,"enemies":"Gremlin Gang","floor":12,"turns":1},{"damage":8,"enemies":"Gremlin Nob","floor":13,"turns":3},{"damage":3,"enemies":"2 Fungi Beasts","floor":14,"turns":3},{"damage":44,"enemies":"Slime Boss","floor":16,"turns":7},{"damage":7,"enemies":"Spheric Guardian","floor":18,"turns":3},{"damage":18,"enemies":"Chosen","floor":19,"turns":6},{"damage":18,"enemies":"Gremlin Leader","floor":23,"turns":5},{"damage":16,"enemies":"Slavers","floor":25,"turns":5},{"damage":6,"enemies":"Gremlin Leader","floor":28,"turns":5},{"damage":6,"enemies":"Snake Plant","floor":29,"turns":3},{"damage":29,"enemies":"Slavers","floor":30,"turns":4},{"damage":21,"enemies":"Centurion and Healer","floor":31,"turns":5},{"damage":4,"enemies":"Collector","floor":33,"turns":6},{"damage":8,"enemies":"Orb Walker","floor":35,"turns":3},{"damage":20,"enemies":"3 Shapes","floor":37,"turns":7},{"damage":0,"enemies":"3 Darklings","floor":38,"turns":6},{"damage":3,"enemies":"Reptomancer","floor":41,"turns":6},{"damage":0,"enemies":"Maw","floor":42,"turns":5},{"damage":5,"enemies":"Giant Head","floor":44,"turns":3},{"damage":2,"enemies":"Transient","floor":46,"turns":4},{"damage":3,"enemies":"Nemesis","floor":47,"turns":3},{"damage":0,"enemies":"3 Darklings","floor":48,"turns":3},{"damage":44,"enemies":"Donu and Deca","floor":50,"turns":4},{"damage":13,"enemies":"Time Eater","floor":51,"turns":6},{"damage":6,"enemies":"Shield and Spear","floor":55,"turns":3},{"damage":26,"enemies":"The Heart","floor":56,"turns":6}],"seed_played":"-1588633253810907599","neow_bonus_log":{"cardsObtained":["Decay"],"cardsUpgraded":[],"cardsRemoved":[],"cardsTransformed":[],"relicsObtained":[],"maxHpGained":0,"goldGained":250,"damageTaken":0,"goldLost":0,"maxHpLost":0},"potions_obtained":[{"floor":2,"key":"Fruit Juice"},{"floor":7,"key":"DuplicationPotion"},{"floor":8,"key":"BlessingOfTheForge"},{"floor":11,"key":"FearPotion"},{"floor":16,"key":"SneckoOil"},{"floor":23,"key":"DistilledChaos"},{"floor":28,"key":"Weak Potion"},{"floor":30,"key":"Fire Potion"},{"floor":33,"key":"GamblersBrew"},{"floor":38,"key":"PowerPotion"},{"floor":41,"key":"Energy Potion"}],"is_trial":false,"path_per_floor":["M","M","?","M","$","E","M","E","T","?","M","M","E","M","R","B",null,"M","M","?","?","$","E","R","E","T","R","E","M","E","M","R","B",null,"M","?","M","M","?","R","E","M","T","E","$","M","E","M","R","B","B",null,"R","$","E","B",null],"character_chosen":"IRONCLAD","items_purchased":["Inflame","Hemokinesis","Oddly Smooth Stone","AttackPotion","Fiend Fire","Toolbox","Second Wind","PowerPotion"],"campfire_rested":0,"item_purchase_floors":[5,5,5,5,22,45,45,54],"current_hp_per_floor":[68,64,64,69,69,65,63,47,47,40,42,48,46,49,49,36,69,68,59,59,59,59,57,57,50,50,50,50,50,27,15,15,42,85,83,83,69,75,65,65,71,80,80,84,84,91,98,107,107,83,101,116,116,116,119,104],"gold":147,"neow_bonus":"TWO_FIFTY_GOLD","is_prod":false,"is_daily":false,"rewards_skipped":[{"floor":31,"relics":[],"potions":["Explosive Potion"]},{"floor":42,"relics":[],"potions":["Strength Potion"]},{"floor":48,"relics":[],"potions":["Fruit Juice"]}],"chose_seed":false,"campfire_upgraded":6,"win_rate":0,"floor_exit_playtime":[88,138,142,179,305,428,492,617,624,663,732,803,899,954,965,1143,1175,1276,1339,1349,1358,1452,1636,1649,1767,1775,1787,1866,1935,2002,2114,2122,2312,2415,2473,2481,2649,2819,2873,2882,3151,3336,3339,3538,3582,3849,4020,4116,4120,4383,4654,4666,4732,4761,5009,5411],"timestamp":1651890036,"blue_key_relic_skipped_log":{"floor":26,"relicID":"Darkstone Periapt"},"path_taken":["M","M","?","M","$","E","M","E","T","?","M","M","E","?","R","BOSS","M","M","?","?","$","E","R","E","T","R","E","?","E","?","R","BOSS","M","?","M","?","?","R","E","M","T","E","$","M","E","M","R","BOSS","BOSS","R","$","E","BOSS"],"build_version":"2022-03-07","purchased_purges":3,"victory":true,"max_hp_per_floor":[75,75,75,75,75,75,75,75,75,75,80,80,80,80,80,80,80,80,83,83,83,83,93,93,96,96,96,96,96,96,99,99,99,99,99,99,99,99,99,99,102,105,105,108,108,111,115,118,118,121,121,121,121,121,124,124],"relic_stats":{"Regal Pillow":0,"Gremlin Horn":[39,39],"counters":[33,142],"Self Forming Clay":[42],"CeramicFish":180,"Astrolabe":["Dark Embrace","Pummel","Feed"],"PreservedInsect":257,"Bottled Tornado":"Inflame","Orichalcum":[144],"Boot":[29],"Burning Blood":198,"Mercury Hourglass":[100],"Sundial":[132],"Pantograph":91,"obtain_stats":[{"Regal Pillow":8,"Pear":23,"Gremlin Horn":9,"Self Forming Clay":55,"CeramicFish":30,"Astrolabe":34,"Oddly Smooth Stone":5,"PreservedInsect":41,"Bottled Tornado":6,"Orichalcum":25,"Boot":28,"Burning Blood":0,"Mercury Hourglass":43,"Sundial":44,"Pantograph":13,"Toolbox":45,"Coffee Dripper":17,"Pocketwatch":47},{"Regal Pillow":6,"Pear":14,"Gremlin Horn":6,"Self Forming Clay":32,"CeramicFish":18,"Astrolabe":20,"Oddly Smooth Stone":3,"PreservedInsect":24,"Bottled Tornado":4,"Orichalcum":15,"Boot":16,"Burning Blood":0,"Mercury Hourglass":25,"Sundial":26,"Pantograph":9,"Toolbox":26,"Coffee Dripper":11,"Pocketwatch":28},{"Regal Pillow":24,"Pear":55,"Gremlin Horn":24,"Self Forming Clay":136,"CeramicFish":72,"Astrolabe":83,"Oddly Smooth Stone":11,"PreservedInsect":105,"Bottled Tornado":14,"Orichalcum":60,"Boot":65,"Burning Blood":0,"Mercury Hourglass":110,"Sundial":113,"Pantograph":31,"Toolbox":113,"Coffee Dripper":41,"Pocketwatch":120}],"Pocketwatch":[27]},"card_choices":[{"not_picked":["Heavy Blade","Clothesline"],"picked":"Twin Strike","floor":1},{"not_picked":["Thunderclap","Infernal Blade","Seeing Red"],"picked":"SKIP","floor":2},{"not_picked":["Entrench","Bloodletting","Sword Boomerang"],"picked":"SKIP","floor":4},{"not_picked":["Heavy Blade","Flame Barrier"],"picked":"Shrug It Off","floor":6},{"not_picked":["Clothesline","Perfected Strike","Berserk"],"picked":"SKIP","floor":7},{"not_picked":["Havoc","Evolve"],"picked":"Whirlwind","floor":8},{"not_picked":["Headbutt","Flex","Metallicize"],"picked":"SKIP","floor":11},{"not_picked":["Headbutt","Flex","Metallicize"],"picked":"SKIP","floor":11},{"not_picked":["Clash","Infernal Blade"],"picked":"Disarm","floor":12},{"not_picked":["Rupture","Thunderclap"],"picked":"Pommel Strike","floor":13},{"not_picked":["Infernal Blade","Clothesline","Warcry"],"picked":"SKIP","floor":14},{"not_picked":["Offering","Double Tap"],"picked":"Feed","floor":16},{"not_picked":["True Grit","Heavy Blade"],"picked":"Power Through","floor":18},{"not_picked":["Rampage","Heavy Blade","Pommel Strike"],"picked":"SKIP","floor":19},{"not_picked":["Flex","Sword Boomerang"],"picked":"Power Through","floor":23},{"not_picked":["Pommel Strike","Berserk","Dual Wield"],"picked":"SKIP","floor":25},{"not_picked":["Clash","Headbutt","Thunderclap"],"picked":"SKIP","floor":28},{"not_picked":["Entrench","Anger","Body Slam"],"picked":"SKIP","floor":29},{"not_picked":["Headbutt","Rampage"],"picked":"Second Wind","floor":30},{"not_picked":["Flex","Thunderclap+1"],"picked":"Twin Strike+1","floor":31},{"not_picked":["Reaper","Exhume"],"picked":"Corruption","floor":33},{"not_picked":["Sword Boomerang","Intimidate"],"picked":"Pommel Strike+1","floor":35},{"not_picked":["Armaments","Bloodletting"],"picked":"Uppercut","floor":37},{"not_picked":["Heavy Blade","Iron Wave"],"picked":"Body Slam+1","floor":38},{"not_picked":["Impatience","Sadistic Nature"],"picked":"Master of Strategy","floor":39},{"not_picked":["Impatience","PanicButton"],"picked":"Secret Technique","floor":39},{"not_picked":["Bandage Up","Impatience"],"picked":"Purity","floor":39},{"not_picked":["Carnage","Clash"],"picked":"Disarm","floor":41},{"not_picked":["Wild Strike","Dropkick"],"picked":"Uppercut+1","floor":42},{"not_picked":["Iron Wave","Flex+1"],"picked":"Burning Pact+1","floor":44},{"not_picked":["Reckless Charge","Headbutt+1"],"picked":"Bloodletting","floor":46},{"not_picked":["Iron Wave+1","Thunderclap+1"],"picked":"Flame Barrier+1","floor":47},{"not_picked":["Cleave","Rupture"],"picked":"Evolve+1","floor":48},{"not_picked":["Warcry","Whirlwind"],"picked":"Exhume","floor":55}],"player_experience":12843007,"relics_obtained":[{"floor":6,"key":"Bottled Tornado"},{"floor":8,"key":"Regal Pillow"},{"floor":9,"key":"Gremlin Horn"},{"floor":13,"key":"Pantograph"},{"floor":23,"key":"Pear"},{"floor":25,"key":"Orichalcum"},{"floor":28,"key":"Boot"},{"floor":30,"key":"CeramicFish"},{"floor":41,"key":"PreservedInsect"},{"floor":43,"key":"Mercury Hourglass"},{"floor":44,"key":"Sundial"},{"floor":47,"key":"Pocketwatch"},{"floor":55,"key":"Self Forming Clay"}],"event_choices":[{"cards_removed":["Decay"],"damage_healed":0,"gold_gain":0,"player_choice":"Removed Curses","damage_taken":0,"max_hp_gain":0,"max_hp_loss":0,"event_name":"Fountain of Cleansing","floor":3,"gold_loss":0},{"cards_removed":["Strike_R"],"damage_healed":0,"gold_gain":0,"player_choice":"Card Removal","damage_taken":7,"max_hp_gain":0,"max_hp_loss":0,"event_name":"Golden Wing","floor":10,"gold_loss":0},{"cards_removed":["Strike_R"],"damage_healed":0,"gold_gain":0,"player_choice":"Gave Gold","damage_taken":0,"max_hp_gain":0,"max_hp_loss":0,"event_name":"Beggar","floor":20,"gold_loss":75},{"damage_healed":0,"gold_gain":0,"player_choice":"Ignored","damage_taken":0,"max_hp_gain":0,"max_hp_loss":0,"event_name":"Vampires","floor":21,"gold_loss":0},{"cards_removed":["Feed"],"damage_healed":0,"gold_gain":0,"player_choice":"Removed Attack","damage_taken":0,"max_hp_gain":0,"max_hp_loss":0,"event_name":"Falling","floor":36,"gold_loss":0},{"damage_healed":0,"gold_gain":0,"player_choice":"Memory 3","damage_taken":10,"max_hp_gain":0,"max_hp_loss":0,"event_name":"SensoryStone","floor":39,"gold_loss":0}],"is_beta":false,"boss_relics":[{"not_picked":["Pandora\u0027s Box","Sozu"],"picked":"Coffee Dripper"},{"not_picked":["Black Blood","Empty Cage"],"picked":"Astrolabe"}],"items_purged_floors":[22,45,54],"is_endless":false,"potions_floor_spawned":[2,7,8,11,16,23,28,30,31,33,38,41,42,48],"ascension_level":20,"potion_discard_per_floor":[[],[],[],[],[],[],[],[],[],[],[],[],[],[],[],[],[],[],[],[],[],[],[],[],[],[],[],[],[],[],[],[],[],[],[],[],[],[],[],[],[],[],[],[],[],[],[],[],[],[],[],[],[],["Energy Potion"],[],[],[]]}