{"gold_per_floor":[115,115,132,142,160,160,180,180,261,261,280,307,321,351,351,427,427,444,804,199,114,39,51,51,83,83,96,109,139,139,171,171,245,245,262,281,292,70,89,124,124,156,168,208,238,264,302,330,342,354,366,378,390,11,40,40],"floor_reached":57,"playtime":7193,"items_purged":["Anger","Strike_R"],"score":3092,"play_id":"f6ef3240-6abc-4bf8-bc24-b1cdd636f029","local_time":"20220605230524","is_ascension_mode":true,"campfire_choices":[{"data":"Cleave","floor":6,"key":"SMITH"},{"data":"Shockwave","floor":8,"key":"SMITH"},{"data":"Pommel Strike","floor":10,"key":"SMITH"},{"data":"Fiend Fire","floor":15,"key":"SMITH"},{"data":"Fiend Fire","floor":30,"key":"SMITH"},{"data":"Immolate","floor":32,"key":"SMITH"},{"floor":41,"key":"RECALL"},{"floor":49,"key":"REST"},{"floor":53,"key":"REST"}],"neow_cost":"NONE","seed_source_timestamp":682332585105100,"shop_contents":[{"floor":20,"relics":["Pantograph","Brimstone"],"cards":["Clothesline","Flex","Inflame","Jack Of All Trades","Magnetism"],"potions":["Regen Potion","BloodPotion","Explosive Potion"]},{"floor":38,"relics":["Blue Candle","Lantern","Toolbox"],"cards":["Blood for Blood","Cleave","Flex","Deep Breath","Mayhem"],"potions":["Weak Potion","AttackPotion","Swift Potion"]},{"floor":54,"relics":["Unceasing Top","Cauldron"],"cards":["Twin Strike","Flex","Intimidate","Inflame","Forethought","Sadistic Nature"],"potions":["Regen Potion","EssenceOfSteel"]}],"circlet_count":0,"master_deck":["AscendersBane","Strike_R","Strike_R","Defend_R","Defend_R","Defend_R","Defend_R","Bash","Ghostly Armor","Cleave+1","Shockwave+1","Pommel Strike+1","True Grit","Fiend Fire+1","Fiend Fire+1","Feed","Shrug It Off","Shockwave","Necronomicurse","Evolve+1","Feel No Pain","Immolate+1","Corruption","Disarm+1","Disarm+1","Feel No Pain","Burning Pact","Flame Barrier","Power Through","Battle Trance","Uppercut+1","Shrug It Off+1","Power Through","Spot Weakness+1","Heavy Blade"],"potion_use_per_floor":[[],[],[],[],["Energy Potion"],[],[],[],[],[],[],["Block Potion"],[],[],[],["BlessingOfTheForge"],[],[],[],[],[],[],["DuplicationPotion"],[],["Block Potion"],[],[],[],["Fire Potion"],[],["BlessingOfTheForge"],[],["DistilledChaos"],[],["Fire Potion"],[],["EntropicBrew"],[],[],[],[],[],[],[],[],[],[],[],[],["DuplicationPotion"],[],[],[],[],[],["PowerPotion","PowerPotion"],[]],"relics":["Burning Blood","Dream Catcher","Bottled Lightning","Smiling Mask","White Beast Statue","Snecko Eye","Prayer Wheel","Kunai","Necronomicon","Bird Faced Urn","Gremlin Horn","Paper Frog","Philosopher\u0027s Stone","Centennial Puzzle","MawBank","Ginger","Singing Bowl","Gambling Chip","HornCleat","Anchor"],"potions_floor_usage":[5,12,16,23,25,29,31,33,35,37,50,56,56],"damage_taken":[{"damage":2,"enemies":"2 Louse","floor":1,"turns":4},{"damage":21,"enemies":"Jaw Worm","floor":3,"turns":5},{"damage":0,"enemies":"Small Slimes","floor":4,"turns":4},{"damage":1,"enemies":"Red Slaver","floor":5,"turns":5},{"damage":5,"enemies":"Blue Slaver","floor":7,"turns":5},{"damage":1,"enemies":"2 Fungi Beasts","floor":11,"turns":3},{"damage":10,"enemies":"3 Sentries","floor":12,"turns":6},{"damage":3,"enemies":"Looter","floor":13,"turns":3},{"damage":17,"enemies":"Gremlin Nob","floor":14,"turns":4},{"damage":12,"enemies":"The Guardian","floor":16,"turns":10},{"damage":0,"enemies":"3 Byrds","floor":18,"turns":5},{"damage":0,"enemies":"Shell Parasite","floor":23,"turns":2},{"damage":0,"enemies":"Gremlin Leader","floor":25,"turns":3},{"damage":6,"enemies":"Centurion and Healer","floor":27,"turns":4},{"damage":0,"enemies":"Snake Plant","floor":28,"turns":2},{"damage":3,"enemies":"Slavers","floor":29,"turns":4},{"damage":10,"enemies":"Gremlin Leader","floor":31,"turns":4},{"damage":0,"enemies":"Collector","floor":33,"turns":4},{"damage":25,"enemies":"3 Shapes","floor":35,"turns":7},{"damage":6,"enemies":"Orb Walker","floor":36,"turns":4},{"damage":0,"enemies":"3 Darklings","floor":37,"turns":1},{"damage":0,"enemies":"Transient","floor":39,"turns":6},{"damage":0,"enemies":"Nemesis","floor":40,"turns":7},{"damage":23,"enemies":"Reptomancer","floor":42,"turns":6},{"damage":13,"enemies":"Nemesis","floor":44,"turns":5},{"damage":0,"enemies":"Maw","floor":45,"turns":5},{"damage":7,"enemies":"Jaw Worm Horde","floor":46,"turns":4},{"damage":3,"enemies":"Reptomancer","floor":47,"turns":4},{"damage":0,"enemies":"Writhing Mass","floor":48,"turns":7},{"damage":38,"enemies":"Awakened One","floor":50,"turns":11},{"damage":12,"enemies":"Time Eater","floor":51,"turns":10},{"damage":14,"enemies":"Shield and Spear","floor":55,"turns":6},{"damage":12,"enemies":"The Heart","floor":56,"turns":6}],"seed_played":"7261066579090816616","neow_bonus_log":{"cardsObtained":[],"cardsUpgraded":[],"cardsRemoved":[],"cardsTransformed":[],"relicsObtained":["Dream Catcher"],"maxHpGained":0,"goldGained":0,"damageTaken":0,"goldLost":0,"maxHpLost":0},"potions_obtained":[{"floor":3,"key":"Energy Potion"},{"floor":7,"key":"Block Potion"},{"floor":11,"key":"BlessingOfTheForge"},{"floor":16,"key":"EntropicBrew"},{"floor":18,"key":"DuplicationPotion"},{"floor":23,"key":"Block Potion"},{"floor":25,"key":"Weak Potion"},{"floor":27,"key":"PowerPotion"},{"floor":28,"key":"Fire Potion"},{"floor":29,"key":"BlessingOfTheForge"},{"floor":31,"key":"DistilledChaos"},{"floor":33,"key":"Fire Potion"},{"floor":35,"key":"DuplicationPotion"},{"floor":37,"key":"PowerPotion"}],"is_trial":false,"path_per_floor":["M","?","M","M","M","R","M","R","T","R","M","E","M","E","R","B",null,"M","?","$","?","?","M","?","E","T","M","M","E","R","E","R","B",null,"M","M","M","$","M","E","R","E","T","E","M","M","E","M","R","B","B",null,"R","$","E","B",null],"character_chosen":"IRONCLAD","items_purchased":["Feed","Prayer Wheel","Shrug It Off","Feel No Pain","Burning Pact","HornCleat","PowerPotion","Heavy Blade"],"campfire_rested":2,"item_purchase_floors":[20,20,20,38,38,54,54,54],"current_hp_per_floor":[72,65,50,56,61,61,62,62,62,62,67,63,66,55,55,49,69,75,39,39,39,39,45,24,30,30,33,42,49,49,45,45,58,78,65,72,78,78,87,90,90,80,80,81,97,104,104,107,107,79,81,101,107,107,110,110],"gold":40,"neow_bonus":"RANDOM_COMMON_RELIC","is_prod":false,"is_daily":false,"rewards_skipped":[{"floor":36,"relics":[],"potions":["SkillPotion"]},{"floor":39,"relics":[],"potions":["Swift Potion"]},{"floor":40,"relics":[],"potions":["Energy Potion"]},{"floor":42,"relics":[],"potions":["Swift Potion"]},{"floor":44,"relics":[],"potions":["Dexterity Potion"]},{"floor":45,"relics":[],"potions":["Weak Potion"]},{"floor":46,"relics":[],"potions":["Strength Potion"]},{"floor":47,"relics":[],"potions":["Explosive Potion"]},{"floor":48,"relics":[],"potions":["GamblersBrew"]},{"floor":55,"relics":[],"potions":["EssenceOfSteel"]}],"chose_seed":false,"campfire_upgraded":6,"win_rate":0,"floor_exit_playtime":[267,277,337,380,507,518,573,685,915,922,989,1227,1271,1358,1420,1649,2109,2267,2335,2614,2620,2636,2771,2790,2931,2941,3063,3153,3331,3339,3476,3484,3598,3700,3985,4054,4101,4213,4357,4500,4528,4758,4763,4923,5032,5178,5311,5500,5651,6066,6351,6368,6383,6620,6791,7193],"timestamp":1654484724,"blue_key_relic_skipped_log":{"floor":26,"relicID":"Bottled Flame"},"path_taken":["M","?","?","M","M","R","M","R","T","R","M","E","M","E","R","BOSS","M","?","$","?","?","?","?","E","T","M","M","E","R","E","R","BOSS","M","M","M","$","M","E","R","E","T","E","M","?","E","M","R","BOSS","BOSS","R","$","E","BOSS"],"build_version":"2022-03-07","purchased_purges":2,"victory":true,"max_hp_per_floor":[75,75,75,75,75,75,75,75,75,75,75,75,75,75,75,75,75,75,75,75,75,75,75,75,75,75,78,81,81,81,81,81,84,84,84,87,87,87,87,90,90,93,93,93,97,104,104,107,107,107,107,107,107,107,112,112],"relic_stats":{"Gremlin Horn":[23,24],"Singing Bowl":10,"counters":[33,166],"Ginger":[12],"Smiling Mask":75,"MawBank":144,"Burning Blood":170,"White Beast Statue":[0.0,0.0,0.0,0.4,0.0,0.6000000000000001,0.0,0.0,0.0,0.0,0.0,9.726835752960003],"Dream Catcher":2,"Centennial Puzzle":[24],"Bird Faced Urn":[77],"Gambling Chip":[21],"Snecko Eye":[182,187,190,189,-116],"Prayer Wheel":10,"Necronomicon":[57],"Bottled Lightning":"Shockwave","Kunai":[34],"obtain_stats":[{"Gremlin Horn":29,"Singing Bowl":44,"Ginger":43,"Smiling Mask":12,"MawBank":42,"Burning Blood":0,"White Beast Statue":14,"Dream Catcher":0,"Centennial Puzzle":40,"Anchor":55,"HornCleat":54,"Bird Faced Urn":25,"Gambling Chip":47,"Snecko Eye":17,"Prayer Wheel":20,"Philosopher\u0027s Stone":34,"Necronomicon":24,"Bottled Lightning":9,"Kunai":21,"Paper Frog":31},{"Gremlin Horn":16,"Singing Bowl":25,"Ginger":24,"Smiling Mask":7,"MawBank":24,"Burning Blood":0,"White Beast Statue":9,"Dream Catcher":0,"Centennial Puzzle":23,"Anchor":32,"HornCleat":31,"Bird Faced Urn":13,"Gambling Chip":28,"Snecko Eye":10,"Prayer Wheel":11,"Philosopher\u0027s Stone":18,"Necronomicon":12,"Bottled Lightning":5,"Kunai":11,"Paper Frog":17},{"Gremlin Horn":69,"Singing Bowl":113,"Ginger":108,"Smiling Mask":32,"MawBank":108,"Burning Blood":0,"White Beast Statue":39,"Dream Catcher":0,"Centennial Puzzle":102,"Anchor":160,"HornCleat":154,"Bird Faced Urn":59,"Gambling Chip":126,"Snecko Eye":49,"Prayer Wheel":54,"Philosopher\u0027s Stone":77,"Necronomicon":56,"Bottled Lightning":23,"Kunai":54,"Paper Frog":73}]},"card_choices":[{"not_picked":["Sentinel","Flex","True Grit"],"picked":"SKIP","floor":1},{"not_picked":["Heavy Blade","Havoc"],"picked":"Ghostly Armor","floor":3},{"not_picked":["Flame Barrier","Flex"],"picked":"Cleave","floor":4},{"not_picked":["Iron Wave","Body Slam"],"picked":"Shockwave","floor":5},{"not_picked":["Sentinel","Cleave"],"picked":"Pommel Strike","floor":7},{"not_picked":["Evolve","Perfected Strike"],"picked":"Anger","floor":11},{"not_picked":["Headbutt","Twin Strike"],"picked":"True Grit","floor":12},{"not_picked":["Twin Strike","Rupture","Heavy Blade"],"picked":"SKIP","floor":13},{"not_picked":["Heavy Blade","Pummel"],"picked":"Fiend Fire","floor":14},{"not_picked":["Reaper","Juggernaut"],"picked":"Fiend Fire","floor":16},{"not_picked":["Warcry","Anger","Searing Blow"],"picked":"SKIP","floor":18},{"not_picked":["Spot Weakness","Sword Boomerang"],"picked":"Shockwave","floor":23},{"not_picked":["Warcry+1","Dropkick","Rupture"],"picked":"SKIP","floor":23},{"not_picked":["Warcry+1","Dropkick","Rupture"],"picked":"SKIP","floor":23},{"not_picked":["Shockwave","Thunderclap","Clash"],"picked":"SKIP","floor":25},{"not_picked":["Body Slam","True Grit"],"picked":"Evolve+1","floor":27},{"not_picked":["Infernal Blade","Armaments","Twin Strike+1"],"picked":"SKIP","floor":27},{"not_picked":["Pommel Strike","Dark Embrace"],"picked":"Feel No Pain","floor":28},{"not_picked":["Bloodletting","Rupture","Headbutt"],"picked":"SKIP","floor":28},{"not_picked":["Sword Boomerang","Clash","Body Slam"],"picked":"SKIP","floor":29},{"not_picked":["Sword Boomerang","Clash","Body Slam"],"picked":"SKIP","floor":29},{"not_picked":["Dark Embrace","Wild Strike"],"picked":"Immolate","floor":31},{"not_picked":["Impervious","Feed"],"picked":"Corruption","floor":33},{"not_picked":["Thunderclap","Shrug It Off"],"picked":"Disarm+1","floor":35},{"not_picked":["Twin Strike","Iron Wave","Wild Strike"],"picked":"SKIP","floor":35},{"not_picked":["Body Slam","Clothesline"],"picked":"Disarm+1","floor":36},{"not_picked":["Headbutt","Warcry","Anger+1"],"picked":"SKIP","floor":36},{"not_picked":["Cleave","Headbutt","Dropkick+1"],"picked":"SKIP","floor":37},{"not_picked":["Combust","Twin Strike","Sever Soul"],"picked":"SKIP","floor":37},{"not_picked":["Immolate","True Grit"],"picked":"Flame Barrier","floor":39},{"not_picked":["Perfected Strike","Reckless Charge+1","Havoc+1"],"picked":"SKIP","floor":39},{"not_picked":["Limit Break","Whirlwind","Iron Wave"],"picked":"SKIP","floor":40},{"not_picked":["Searing Blow","Armaments","Twin Strike"],"picked":"SKIP","floor":42},{"not_picked":["Armaments","Havoc+1"],"picked":"Power Through","floor":44},{"not_picked":["Pummel","Sword Boomerang+1","Clash"],"picked":"Singing Bowl","floor":45},{"not_picked":["Body Slam","Anger","Intimidate"],"picked":"Singing Bowl","floor":45},{"not_picked":["Ghostly Armor+1","Iron Wave","Rampage"],"picked":"Singing Bowl","floor":46},{"not_picked":["Anger+1","Thunderclap","Body Slam+1"],"picked":"Singing Bowl","floor":46},{"not_picked":["Iron Wave","Fiend Fire"],"picked":"Battle Trance","floor":47},{"not_picked":["Fire Breathing","Infernal Blade"],"picked":"Uppercut+1","floor":48},{"not_picked":["Havoc","Clothesline"],"picked":"Shrug It Off+1","floor":48},{"not_picked":["Cleave+1","Twin Strike"],"picked":"Power Through","floor":49},{"not_picked":["Clothesline","Hemokinesis"],"picked":"Spot Weakness+1","floor":53},{"not_picked":["Perfected Strike","Wild Strike","Clash"],"picked":"Singing Bowl","floor":55}],"player_experience":12930056,"relics_obtained":[{"floor":9,"key":"Bottled Lightning"},{"floor":12,"key":"Smiling Mask"},{"floor":14,"key":"White Beast Statue"},{"floor":24,"key":"Necronomicon"},{"floor":25,"key":"Bird Faced Urn"},{"floor":29,"key":"Gremlin Horn"},{"floor":31,"key":"Paper Frog"},{"floor":40,"key":"Centennial Puzzle"},{"floor":42,"key":"MawBank"},{"floor":43,"key":"Ginger"},{"floor":44,"key":"Singing Bowl"},{"floor":47,"key":"Gambling Chip"},{"floor":55,"key":"Anchor"}],"event_choices":[{"cards_removed":["Strike_R"],"damage_healed":0,"gold_gain":0,"player_choice":"Card Removal","damage_taken":7,"max_hp_gain":0,"max_hp_loss":0,"event_name":"Golden Wing","floor":2,"gold_loss":0},{"damage_healed":0,"gold_gain":360,"player_choice":"GOLD GOLD GOLD GOLD ","damage_taken":36,"max_hp_gain":0,"max_hp_loss":0,"event_name":"Knowing Skull","floor":19,"potions_obtained":[],"gold_loss":0,"cards_obtained":[]},{"damage_healed":0,"gold_gain":0,"player_choice":"Obtained Relic","damage_taken":0,"relics_obtained":["Kunai"],"max_hp_gain":0,"max_hp_loss":0,"event_name":"Addict","floor":21,"gold_loss":85},{"cards_removed":["Strike_R"],"damage_healed":0,"gold_gain":0,"player_choice":"Gave Gold","damage_taken":0,"max_hp_gain":0,"max_hp_loss":0,"event_name":"Beggar","floor":22,"gold_loss":75},{"damage_healed":0,"gold_gain":0,"player_choice":"Obtained Book","damage_taken":21,"max_hp_gain":0,"max_hp_loss":0,"event_name":"Cursed Tome","floor":24,"gold_loss":0}],"is_beta":false,"boss_relics":[{"not_picked":["Black Star","SacredBark"],"picked":"Snecko Eye"},{"not_picked":["Velvet Choker","Empty Cage"],"picked":"Philosopher\u0027s Stone"}],"items_purged_floors":[20,38],"is_endless":false,"potions_floor_spawned":[3,7,11,16,18,23,25,27,28,29,31,33,35,36,37,39,40,42,44,45,46,47,48,55],"ascension_level":20,"potion_discard_per_floor":[[],[],[],[],[],[],[],[],[],[],[],[],[],[],[],[],[],[],[],[],[],[],[],[],[],[],["Weak Potion"],["PowerPotion"],[],[],[],[],[],[],[],[],["Strength Potion"],[],[],[],[],[],[],[],[],[],[],[],[],[],[],[],[],[],[],[],[]]}