{"gold_per_floor":[114,30,55,83,83,83,110,148,203,241,260,303,303,303,303,391,418,442,392,392,11,37,78,98,98,98,20,49,61,102,140,152,247,259,284,196,217,217,236,278,306,342,342,342,378,387,387,429,429,429,429,429,429,30,65,65],"floor_reached":57,"playtime":6959,"items_purged":["Strike_R","Anger","Parasite"],"score":3142,"play_id":"0bf7d587-6064-4aa0-ab5b-aad381615b2d","local_time":"20220701000230","is_ascension_mode":true,"campfire_choices":[{"data":"Inflame","floor":6.0,"key":"SMITH"},{"data":"Bash","floor":13.0,"key":"SMITH"},{"data":"Dark Embrace","floor":15.0,"key":"SMITH"},{"data":"Corruption","floor":32,"key":"SMITH"},{"data":"Feel No Pain","floor":44,"key":"SMITH"},{"data":"Disarm","floor":47,"key":"SMITH"},{"floor":49,"key":"RECALL"},{"data":"Impervious","floor":53,"key":"SMITH"}],"neow_cost":"NONE","seed_source_timestamp":0,"shop_contents":[{"floor":21,"relics":["Bronze Scales","Cauldron"],"cards":["Headbutt","Wild Strike","Flex","Evolve","Flash of Steel","Thinking Ahead"],"potions":["ColorlessPotion","DistilledChaos","EssenceOfSteel"]},{"floor":27,"relics":["White Beast Statue","Lantern","ClockworkSouvenir"],"cards":["Wild Strike","Headbutt","Havoc","Rupture","Flash of Steel","Apotheosis"],"potions":["BlessingOfTheForge","SmokeBomb","Ancient Potion"]},{"floor":36,"relics":["Frozen Egg 2","Bottled Flame","Sling"],"cards":["Headbutt","Reckless Charge","Entrench","Shrug It Off","Evolve","Finesse","Magnetism"],"potions":["EntropicBrew","HeartOfIron","Weak Potion"]},{"floor":54,"relics":["Pocketwatch","Paper Frog","Chemical X"],"cards":["Searing Blow","Carnage","True Grit","Havoc","Mayhem"],"potions":["EssenceOfSteel","Weak Potion"]}],"circlet_count":0,"master_deck":["AscendersBane","Defend_R","Defend_R+1","Defend_R+1","Defend_R","Bash+1","Shrug It Off","Battle Trance","Inflame+1","Corruption+1","Impervious+1","Dark Embrace+1","Feed","Metallicize+1","Heavy Blade+1","True Grit+1","Sword Boomerang+1","Shrug It Off","Pummel+1","Sentinel","Feel No Pain+1","Exhume+1","Disarm+1","Exhume","Clothesline","Bloodletting+1","True Grit+1","Body Slam+1","Uppercut+1","Limit Break","Madness","Flame Barrier","Dark Shackles","Inflame","Dark Embrace"],"special_seed":0,"potion_use_per_floor":[[],[],[],[],[],[],[],["EntropicBrew"],[],[],[],["Energy Potion","EntropicBrew","PowerPotion","EntropicBrew","DuplicationPotion"],[],[],[],[],[],[],[],[],[],[],["BloodPotion"],[],[],[],[],[],[],[],[],[],["SteroidPotion"],[],[],[],[],[],[],[],[],[],[],[],[],[],[],["GamblersBrew","SkillPotion"],[],[],[],[],[],[],["SneckoOil"],["BlessingOfTheForge","FearPotion"],[]],"relics":["Burning Blood","MealTicket","CeramicFish","Regal Pillow","Omamori","Question Card","Strawberry","WarpedTongs","Astrolabe","Oddly Smooth Stone","InkBottle","Vajra","Pear","MawBank","War Paint","Snecko Eye","Bag of Marbles","Singing Bowl","Magic Flower","Pen Nib","Art of War"],"potions_floor_usage":[23,33,48,48,55,56,56],"damage_taken":[{"damage":10.0,"enemies":"Small Slimes","floor":1.0,"turns":5.0},{"damage":0.0,"enemies":"2 Louse","floor":3.0,"turns":3.0},{"damage":4.0,"enemies":"Jaw Worm","floor":4.0,"turns":5.0},{"damage":10.0,"enemies":"3 Louse","floor":7.0,"turns":5.0},{"damage":11.0,"enemies":"Gremlin Nob","floor":8.0,"turns":3.0},{"damage":25.0,"enemies":"Lagavulin","floor":10.0,"turns":6.0},{"damage":1.0,"enemies":"Red Slaver","floor":11.0,"turns":4.0},{"damage":11.0,"enemies":"Gremlin Nob","floor":12.0,"turns":3.0},{"damage":20.0,"enemies":"The Guardian","floor":16.0,"turns":14.0},{"damage":15.0,"enemies":"Shell Parasite","floor":18.0,"turns":5.0},{"damage":0,"enemies":"Chosen","floor":22,"turns":6},{"damage":78,"enemies":"Slavers","floor":23,"turns":9},{"damage":9,"enemies":"Snecko","floor":24,"turns":5},{"damage":0,"enemies":"Gremlin Leader","floor":28,"turns":8},{"damage":0,"enemies":"Book of Stabbing","floor":30,"turns":5},{"damage":0,"enemies":"Sentry and Sphere","floor":31,"turns":6},{"damage":60,"enemies":"Collector","floor":33,"turns":6},{"damage":0,"enemies":"3 Darklings","floor":35,"turns":4},{"damage":0,"enemies":"Orb Walker","floor":37,"turns":5},{"damage":0,"enemies":"Spire Growth","floor":39,"turns":4},{"damage":14,"enemies":"Nemesis","floor":40,"turns":7},{"damage":12,"enemies":"Writhing Mass","floor":41,"turns":6},{"damage":3,"enemies":"Giant Head","floor":42,"turns":2},{"damage":9,"enemies":"Nemesis","floor":45,"turns":5},{"damage":33,"enemies":"Reptomancer","floor":48,"turns":4},{"damage":10,"enemies":"Time Eater","floor":50,"turns":7},{"damage":66,"enemies":"Awakened One","floor":51,"turns":6},{"damage":29,"enemies":"Shield and Spear","floor":55,"turns":6},{"damage":97,"enemies":"The Heart","floor":56,"turns":8}],"seed_played":"-8511015901381801337","neow_bonus_log":{"cardsObtained":[],"cardsUpgraded":[],"cardsRemoved":[],"cardsTransformed":[],"relicsObtained":["MealTicket"],"maxHpGained":0,"goldGained":0,"damageTaken":0,"goldLost":0,"maxHpLost":0},"potions_obtained":[{"floor":3.0,"key":"EntropicBrew"},{"floor":4.0,"key":"Energy Potion"},{"floor":8.0,"key":"EntropicBrew"},{"floor":24,"key":"SteroidPotion"},{"floor":28,"key":"SmokeBomb"},{"floor":33,"key":"SkillPotion"},{"floor":40,"key":"SpeedPotion"},{"floor":41,"key":"GamblersBrew"},{"floor":48,"key":"FearPotion"},{"floor":55,"key":"BlessingOfTheForge"}],"is_trial":false,"path_per_floor":["M","?","M","M","?","R","M","E","T","E","M","E","R","?","R","B",null,"M","?","?","$","M","E","M","?","T","$","E","?","E","M","R","B",null,"M","$","M","?","M","E","M","E","T","R","E","?","R","E","R","B","B",null,"R","$","E","B",null],"character_chosen":"IRONCLAD","items_purchased":["Shrug It Off","InkBottle","Exhume","Dark Shackles","Inflame","SneckoOil"],"campfire_rested":0,"item_purchase_floors":[21,21,27,54,54,54],"current_hp_per_floor":[64,64,70,72,49,49,45,40,40,21,26,28,28,28,28,14,65,59,59,59,74,84,29,30,30,40,55,61,61,70,79,79,25,88,97,112,116,116,120,116,114,120,120,120,117,111,111,93,93,98,51,125,125,140,130,42],"gold":65,"neow_bonus":"RANDOM_COMMON_RELIC","is_prod":false,"is_daily":false,"rewards_skipped":[{"floor":7,"relics":[],"potions":["Dexterity Potion"]},{"floor":42,"relics":[],"potions":["FearPotion"]}],"chose_seed":false,"campfire_upgraded":7,"win_rate":0,"floor_exit_playtime":[215,237,290,369,433,441,541,642,656,764,818,971,986,1037,1043,1404,1562,1706,1712,1724,2157,2376,2632,2795,2801,2805,2823,3110,3144,3359,3528,3544,3815,3951,4128,4214,4316,4319,4476,4708,4909,5048,5051,5088,5277,5333,5356,5632,5635,5909,6154,6166,6178,6262,6556,6959],"timestamp":1656648150,"blue_key_relic_skipped_log":{"floor":43,"relicID":"Bottled Lightning"},"path_taken":["M","?","M","M","?","R","?","E","T","E","M","E","R","?","R","BOSS","M","?","?","$","M","E","M","?","T","?","E","?","E","M","R","BOSS","M","$","M","?","M","E","?","E","T","R","E","?","R","E","R","BOSS","BOSS","R","$","E","BOSS"],"build_version":"2022-03-07","purchased_purges":3,"victory":true,"max_hp_per_floor":[75,75,75,75,75,75,75,75,75,75,75,82,82,82,82,82,82,85,85,85,85,89,89,93,93,103,103,103,103,106,109,109,109,109,112,112,116,116,120,124,128,131,131,131,131,135,135,139,139,143,149,149,149,146,152,152],"relic_stats":{"Regal Pillow":0,"Singing Bowl":4,"counters":[29,162],"CeramicFish":270,"Astrolabe":["Metallicize","Heavy Blade","True Grit"],"Magic Flower":[27],"Pen Nib":[4],"Omamori":2,"War Paint":["Exhume","Defend_R"],"Question Card":23,"MawBank":96,"Burning Blood":177,"WarpedTongs":[116],"Snecko Eye":[111,111,108,125,-150],"MealTicket":60,"Art of War":[2],"obtain_stats":[{"Regal Pillow":8,"Pear":26,"Singing Bowl":42,"CeramicFish":2,"Astrolabe":17,"Oddly Smooth Stone":20,"Vajra":23,"Magic Flower":45,"Pen Nib":48,"Omamori":9,"War Paint":30,"Question Card":10,"MawBank":28,"Burning Blood":0,"WarpedTongs":14,"Strawberry":12,"Snecko Eye":34,"MealTicket":0,"Bag of Marbles":40,"Art of War":55,"InkBottle":21},{"Regal Pillow":5,"Pear":13,"Singing Bowl":23,"CeramicFish":1,"Astrolabe":9,"Oddly Smooth Stone":10,"Vajra":12,"Magic Flower":24,"Pen Nib":25,"Omamori":5,"War Paint":15,"Question Card":6,"MawBank":14,"Burning Blood":0,"WarpedTongs":8,"Strawberry":8,"Snecko Eye":17,"MealTicket":0,"Bag of Marbles":21,"Art of War":28,"InkBottle":10},{"Regal Pillow":21,"Pear":73,"Singing Bowl":126,"CeramicFish":5,"Astrolabe":48,"Oddly Smooth Stone":53,"Vajra":68,"Magic Flower":131,"Pen Nib":135,"Omamori":21,"War Paint":86,"Question Card":27,"MawBank":81,"Burning Blood":0,"WarpedTongs":34,"Strawberry":34,"Snecko Eye":98,"MealTicket":0,"Bag of Marbles":118,"Art of War":154,"InkBottle":53}],"InkBottle":[50]},"card_choices":[{"not_picked":["Blood for Blood","Heavy Blade"],"picked":"Shrug It Off","floor":1.0},{"not_picked":["Twin Strike","Second Wind"],"picked":"Battle Trance","floor":3.0},{"not_picked":["Power Through","Second Wind"],"picked":"Inflame","floor":4.0},{"not_picked":["Armaments","Sentinel"],"picked":"Anger","floor":7.0},{"not_picked":["Flex","Feel No Pain"],"picked":"Corruption","floor":8.0},{"not_picked":["Flex","Clothesline"],"picked":"Impervious","floor":10.0},{"not_picked":["Fire Breathing","Thunderclap","Havoc","Heavy Blade"],"picked":"SKIP","floor":11.0},{"not_picked":["Berserk","Pommel Strike","Second Wind"],"picked":"Dark Embrace","floor":12.0},{"not_picked":["Brutality","Limit Break","Offering"],"picked":"Feed","floor":16.0},{"not_picked":["Heavy Blade","Flex","Evolve"],"picked":"Sword Boomerang+1","floor":18.0},{"not_picked":["Shrug It Off","Perfected Strike","True Grit"],"picked":"Pummel+1","floor":22},{"not_picked":["Fire Breathing","Pommel Strike","Rupture"],"picked":"Sentinel","floor":23},{"not_picked":["Spot Weakness","Perfected Strike","Headbutt"],"picked":"Feel No Pain","floor":24},{"not_picked":["Double Tap","Intimidate","Armaments","Anger"],"picked":"SKIP","floor":28},{"not_picked":["Heavy Blade","Pommel Strike","Fiend Fire","Iron Wave"],"picked":"SKIP","floor":30},{"not_picked":["Heavy Blade","Sever Soul+1","Twin Strike"],"picked":"Disarm","floor":31},{"not_picked":["Corruption","Bludgeon","Reaper"],"picked":"Exhume","floor":33},{"not_picked":["Thunderclap","Clash","True Grit","Searing Blow"],"picked":"SKIP","floor":35},{"not_picked":["Flex+1","Sever Soul","Havoc"],"picked":"Clothesline","floor":37},{"not_picked":["Fire Breathing+1","Clash","Rampage"],"picked":"Bloodletting+1","floor":39},{"not_picked":["Bludgeon","Flame Barrier","Entrench"],"picked":"True Grit+1","floor":40},{"not_picked":["True Grit+1","Clash+1","Perfected Strike"],"picked":"Body Slam+1","floor":41},{"not_picked":["Fire Breathing","Wild Strike","Twin Strike"],"picked":"Uppercut+1","floor":42},{"not_picked":["Second Wind","Twin Strike+1","Intimidate+1"],"picked":"Limit Break","floor":45},{"not_picked":["Mayhem","PanicButton","Forethought","Blind"],"picked":"Singing Bowl","floor":46},{"not_picked":["Sadistic Nature","Blind","PanicButton"],"picked":"Madness","floor":46},{"not_picked":["PanicButton","HandOfGreed","Secret Weapon","Impatience"],"picked":"Singing Bowl","floor":46},{"not_picked":["Brutality","Havoc+1","Headbutt"],"picked":"Flame Barrier","floor":48},{"not_picked":["Sword Boomerang+1","Cleave+1","Battle Trance"],"picked":"Dark Embrace","floor":55}],"player_experience":12983853,"relics_obtained":[{"floor":8.0,"key":"Regal Pillow"},{"floor":9.0,"key":"Omamori"},{"floor":10.0,"key":"Question Card"},{"floor":12.0,"key":"Strawberry"},{"floor":23,"key":"Vajra"},{"floor":26,"key":"Pear"},{"floor":28,"key":"MawBank"},{"floor":30,"key":"War Paint"},{"floor":40,"key":"Bag of Marbles"},{"floor":42,"key":"Singing Bowl"},{"floor":45,"key":"Magic Flower"},{"floor":48,"key":"Pen Nib"},{"floor":55,"key":"Art of War"}],"event_choices":[{"damage_healed":0.0,"max_hp_gain":0.0,"max_hp_loss":0.0,"gold_gain":0.0,"event_name":"WeMeetAgain","player_choice":"Paid Gold","floor":2.0,"gold_loss":84.0,"damage_taken":0.0,"relics_obtained":["CeramicFish"]},{"damage_healed":0.0,"max_hp_gain":0.0,"max_hp_loss":0.0,"gold_gain":0.0,"event_name":"Shining Light","player_choice":"Entered Light","floor":5.0,"gold_loss":0.0,"damage_taken":23.0,"cards_upgraded":["Strike_R","Defend_R"]},{"damage_healed":0.0,"max_hp_gain":0.0,"max_hp_loss":0.0,"gold_gain":0.0,"event_name":"Accursed Blacksmith","player_choice":"Rummage","floor":14.0,"gold_loss":0.0,"damage_taken":0.0,"relics_obtained":["WarpedTongs"],"cards_obtained":["Pain"]},{"damage_healed":0.0,"max_hp_gain":0.0,"max_hp_loss":0.0,"gold_gain":0.0,"event_name":"The Joust","player_choice":"Bet on Owner","floor":19.0,"gold_loss":50.0,"damage_taken":0.0},{"damage_healed":0.0,"max_hp_gain":0.0,"max_hp_loss":0.0,"gold_gain":0.0,"event_name":"Addict","player_choice":"Stole Relic","floor":20.0,"gold_loss":0.0,"damage_taken":0.0,"relics_obtained":["Oddly Smooth Stone"],"cards_obtained":["Shame"]},{"damage_healed":0,"gold_gain":0,"player_choice":"Ignored","damage_taken":0,"max_hp_gain":0,"max_hp_loss":0,"event_name":"Cursed Tome","floor":25,"gold_loss":0},{"cards_removed":["Strike_R"],"damage_healed":0,"gold_gain":0,"player_choice":"Elegance","damage_taken":0,"max_hp_gain":0,"max_hp_loss":0,"event_name":"Back to Basics","floor":29,"gold_loss":0},{"damage_healed":0,"gold_gain":0,"player_choice":"Ignored","damage_taken":0,"max_hp_gain":0,"max_hp_loss":0,"event_name":"Tomb of Lord Red Mask","floor":38,"gold_loss":0},{"damage_healed":0,"gold_gain":0,"player_choice":"Memory 3","damage_taken":10,"max_hp_gain":0,"max_hp_loss":0,"event_name":"SensoryStone","floor":46,"gold_loss":0}],"is_beta":false,"boss_relics":[{"not_picked":["SacredBark","Ectoplasm"],"picked":"Astrolabe"},{"not_picked":["Busted Crown","Philosopher\u0027s Stone"],"picked":"Snecko Eye"}],"items_purged_floors":[21,36,54],"is_endless":false,"potions_floor_spawned":[3,4,7,8,24,28,33,40,41,42,48,55],"ascension_level":20}