{"neow_bonuses_skipped_log":["REMOVE_CARD","RANDOM_COMMON_RELIC","BOSS_RELIC"],"potions_obtained_entropic_brew":[[],[],[],[],[],[],[],[],[],[],[],[],[],[],[],[],[],[],[],[],[],[],[],[],[],[],["EssenceOfSteel"],[],[],[],[],[],[],[],[],[],[],[],[],[],[],[],[],[],[],[],[],[],[],[],[],[],[],[],[],[],[]],"neow_costs_skipped_log":["NONE","NONE","NONE"],"gold_per_floor":[113,113,188,199,215,215,247,247,247,278,278,278,297,59,59,137,137,157,157,170,188,188,188,188,203,230,255,255,271,299,326,338,426,438,469,506,518,577,317,349,349,425,449,463,490,490,490,520,520,520,520,520,520,96,130,130],"floor_reached":57,"playtime":7353,"items_purged":["Strike_R","Strike_R","Strike_R+1"],"score":2793,"play_id":"f6bc6896-38d1-4bb1-9011-5c9162019084","local_time":"20220822224344","falling_options_log":["Shockwave","Magnetism"],"score_breakdown":["Floors Climbed (57): 285","Enemies Slain (12): 24","Exordium Elites Killed (2): 20","City Elites Killed (2): 40","Beyond Elites Killed (3): 90","Bosses Slain (5): 750","Mystery Machine (15): 25","Champion (2): 50","Ascension (20): 1259","Heartbreaker: 250"],"is_ascension_mode":true,"potions_obtained_alchemize":[[],[],[],[],[],[],[],[],[],[],[],[],[],[],[],[],[],[],[],[],[],[],[],[],[],[],[],[],[],[],[],[],[],[],[],[],[],[],[],[],[],[],[],[],[],[],[],[],[],[],[],[],[],[],[],[],[]],"campfire_choices":[{"data":"Havoc","floor":6,"key":"SMITH"},{"data":"Sever Soul","floor":8,"key":"SMITH"},{"data":"Flame Barrier","floor":15,"key":"SMITH"},{"data":"Shockwave","floor":23,"key":"SMITH"},{"data":"Impervious","floor":32,"key":"SMITH"},{"data":"Shockwave","floor":47,"key":"SMITH"},{"floor":49,"key":"RECALL"},{"data":"Feel No Pain","floor":53,"key":"SMITH"}],"lesson_learned_per_floor":[[],[],[],[],[],[],[],[],[],[],[],[],[],[],[],[],[],[],[],[],[],[],[],[],[],[],[],[],[],[],[],[],[],[],[],[],[],[],[],[],[],[],[],[],[],[],[],[],[],[],[],[],[],[],[],[],[]],"neow_cost":"TEN_PERCENT_HP_LOSS","seed_source_timestamp":265166907726500,"shop_contents":[{"floor":14,"relics":["Dream Catcher","Orichalcum"],"cards":["Immolate+1","Anger+1","Armaments","Exhume","Rupture","PanicButton","Sadistic Nature"],"potions":["Energy Potion","AttackPotion","Weak Potion"]},{"floor":39,"relics":["Letter Opener","Matryoshka"],"cards":["Clothesline+1","Wild Strike+1","Flame Barrier","True Grit","Dark Embrace","Jack Of All Trades","Apotheosis"],"potions":["BloodPotion","PowerPotion","Energy Potion"]},{"floor":54,"relics":["Thread and Needle","Medical Kit"],"cards":["Clash+1","Pummel+1","Rage","Ghostly Armor","Rupture","Mind Blast+1","Sadistic Nature"],"potions":["Explosive Potion"]}],"circlet_count":0,"master_deck":["AscendersBane","Strike_R+1","Defend_R","Defend_R","Defend_R","Defend_R","Bash","Sever Soul+1","Havoc+1","Flame Barrier+1","Immolate+1","Pommel Strike+1","Brutality","Shockwave+1","Evolve","Feel No Pain+1","Dark Embrace","Disarm","Impervious+1","Pommel Strike+1","Corruption","True Grit+1","Magnetism","Fiend Fire+1","Shrug It Off","Pommel Strike+1","Shockwave+1"],"potion_use_per_floor":[[],[],[],[],[],[],[],[],[],["Strength Potion"],[],[],[],[],[],[],[],[],[],[],[],[],[],[],[],[],["EntropicBrew"],[],[],[],[],[],["DistilledChaos"],[],[],[],[],["GamblersBrew"],[],[],[],[],[],[],[],[],[],[],[],[],[],[],[],[],[],["SpeedPotion","Fire Potion","AttackPotion"],[]],"relics":["Burning Blood","FossilizedHelix","Charon\u0027s Ashes","Pantograph","TungstenRod","Molten Egg 2","Whetstone","Frozen Eye","Velvet Choker","Darkstone Periapt","MawBank","Mark of Pain","Ginger","Peace Pipe","Orrery","Kunai","Mummified Hand","Smiling Mask","Eternal Feather","Potion Belt","Paper Frog","Calipers"],"potions_floor_usage":[10,27,33,38,56,56,56],"damage_taken":[{"damage":6,"enemies":"2 Louse","floor":1,"turns":3},{"damage":1,"enemies":"Cultist","floor":4,"turns":4},{"damage":0,"enemies":"Small Slimes","floor":5,"turns":2},{"damage":5,"enemies":"3 Sentries","floor":7,"turns":6},{"damage":0,"enemies":"Gremlin Nob","floor":10,"turns":3},{"damage":0,"enemies":"Exordium Wildlife","floor":13,"turns":2},{"damage":7,"enemies":"Slime Boss","floor":16,"turns":7},{"damage":0,"enemies":"Spheric Guardian","floor":18,"turns":3},{"damage":0,"enemies":"Chosen","floor":20,"turns":3},{"damage":5,"enemies":"Centurion and Healer","floor":21,"turns":3},{"damage":0,"enemies":"Cultist and Chosen","floor":25,"turns":4},{"damage":0,"enemies":"Book of Stabbing","floor":27,"turns":5},{"damage":0,"enemies":"3 Cultists","floor":29,"turns":3},{"damage":6,"enemies":"Slavers","floor":30,"turns":3},{"damage":5,"enemies":"Snake Plant","floor":31,"turns":4},{"damage":50,"enemies":"Collector","floor":33,"turns":8},{"damage":0,"enemies":"3 Shapes","floor":35,"turns":2},{"damage":3,"enemies":"Mind Bloom Boss Battle","floor":36,"turns":6},{"damage":10,"enemies":"2 Orb Walkers","floor":38,"turns":4},{"damage":13,"enemies":"Reptomancer","floor":40,"turns":6},{"damage":11,"enemies":"3 Darklings","floor":44,"turns":4},{"damage":10,"enemies":"Giant Head","floor":45,"turns":7},{"damage":3,"enemies":"Nemesis","floor":48,"turns":5},{"damage":45,"enemies":"Donu and Deca","floor":50,"turns":8},{"damage":22,"enemies":"Time Eater","floor":51,"turns":11},{"damage":40,"enemies":"Shield and Spear","floor":55,"turns":5},{"damage":32,"enemies":"The Heart","floor":56,"turns":8}],"green_key_taken_log":45,"seed_played":"-6557572586735406658","neow_bonus_log":{"cardsObtained":[],"cardsUpgraded":[],"cardsRemoved":[],"cardsTransformed":[],"relicsObtained":["FossilizedHelix"],"maxHpGained":0,"goldGained":0,"damageTaken":0,"goldLost":0,"maxHpLost":7},"potions_obtained":[{"floor":1,"key":"DistilledChaos"},{"floor":5,"key":"Strength Potion"},{"floor":10,"key":"FairyPotion"},{"floor":21,"key":"EntropicBrew"},{"floor":27,"key":"GamblersBrew"},{"floor":33,"key":"Fire Potion"},{"floor":44,"key":"FearPotion"}],"is_trial":false,"path_per_floor":["M","?","?","M","M","R","E","R","T","E","?","T","M","$","R","B",null,"M","?","M","M","?","R","?","M","T","E","?","M","E","M","R","B",null,"M","?","?","?","$","E","?","T","T","M","E","?","R","E","R","B","B",null,"R","$","E","B",null],"character_chosen":"IRONCLAD","items_purchased":["Frozen Eye","Orrery","Paper Frog","AttackPotion","SpeedPotion"],"campfire_rested":0,"item_purchase_floors":[14,39,54,54,54],"current_hp_per_floor":[68,68,57,62,68,68,68,68,68,68,68,68,68,68,68,67,68,68,68,68,68,65,65,65,68,68,68,50,56,56,57,57,29,62,68,73,64,60,60,57,57,57,57,56,56,56,71,74,85,46,55,78,85,85,51,50],"gold":130,"neow_bonus":"ONE_RARE_RELIC","is_prod":false,"is_daily":false,"rewards_skipped":[{"floor":31,"relics":[],"potions":["SteroidPotion"]},{"floor":36,"relics":[],"potions":["Regen Potion"]}],"chose_seed":false,"campfire_upgraded":7,"win_rate":0,"floor_exit_playtime":[300,313,319,447,514,543,722,729,737,1495,1544,1573,1612,1732,1778,2043,2221,2275,2325,2399,2524,2528,2552,2571,2689,2713,2841,2846,2974,3076,3166,3236,3605,3674,3708,4168,4252,4432,4568,4821,4824,4828,4832,4947,5327,5516,5565,5736,5741,6054,6479,6490,6511,6653,6935,7353],"timestamp":1661222624,"blue_key_relic_skipped_log":{"floor":26,"relicID":"MealTicket"},"path_taken":["M","?","?","M","M","R","E","R","T","E","?","?","M","$","R","BOSS","M","?","M","M","?","R","?","?","T","E","?","M","E","M","R","BOSS","M","?","?","?","$","E","?","?","T","M","E","?","R","E","R","BOSS","BOSS","R","$","E","BOSS"],"build_version":"2022-03-07","purchased_purges":3,"victory":true,"max_hp_per_floor":[68,68,68,68,68,68,68,68,68,68,68,68,68,68,68,68,68,68,68,68,68,68,68,68,68,68,68,73,73,73,73,73,73,73,73,73,73,73,73,77,77,77,77,81,85,85,85,85,85,85,85,85,85,85,85,85],"relic_stats":{"Darkstone Periapt":0,"Calipers":[327],"counters":[27,129],"Eternal Feather":33,"Charon\u0027s Ashes":[1062],"Whetstone":["Strike_R","Strike_R"],"Ginger":[8],"MawBank":108,"Smiling Mask":75,"Burning Blood":124,"Peace Pipe":0,"Frozen Eye":275.7037,"Mummified Hand":[62],"Pantograph":71,"Kunai":[18],"obtain_stats":[{"Darkstone Periapt":27,"Potion Belt":48,"Calipers":55,"Velvet Choker":17,"Eternal Feather":45,"Charon\u0027s Ashes":2,"Whetstone":12,"Ginger":36,"MawBank":30,"Smiling Mask":43,"Burning Blood":0,"Peace Pipe":38,"Frozen Eye":14,"Mummified Hand":42,"Pantograph":7,"Orrery":39,"Molten Egg 2":10,"Mark of Pain":34,"Kunai":40,"FossilizedHelix":0,"TungstenRod":9,"Paper Frog":54},{"Darkstone Periapt":12,"Potion Belt":23,"Calipers":26,"Velvet Choker":7,"Eternal Feather":22,"Charon\u0027s Ashes":1,"Whetstone":5,"Ginger":18,"MawBank":14,"Smiling Mask":20,"Burning Blood":0,"Peace Pipe":19,"Frozen Eye":6,"Mummified Hand":20,"Pantograph":4,"Orrery":19,"Molten Egg 2":5,"Mark of Pain":16,"Kunai":20,"FossilizedHelix":0,"TungstenRod":4,"Paper Frog":25},{"Darkstone Periapt":45,"Potion Belt":97,"Calipers":121,"Velvet Choker":27,"Eternal Feather":92,"Charon\u0027s Ashes":3,"Whetstone":18,"Ginger":71,"MawBank":51,"Smiling Mask":81,"Burning Blood":0,"Peace Pipe":75,"Frozen Eye":20,"Mummified Hand":81,"Pantograph":15,"Orrery":75,"Molten Egg 2":18,"Mark of Pain":63,"Kunai":81,"FossilizedHelix":0,"TungstenRod":15,"Paper Frog":116}],"FossilizedHelix":[205],"TungstenRod":95},"card_choices":[{"not_picked":["Evolve","Metallicize"],"picked":"Iron Wave","floor":1},{"not_picked":["Cleave","Dual Wield"],"picked":"Sever Soul","floor":4},{"not_picked":["Wild Strike","Body Slam"],"picked":"Havoc","floor":5},{"not_picked":["Clothesline","Blood for Blood","Entrench"],"picked":"SKIP","floor":7},{"not_picked":["Clothesline+1","Pummel+1"],"picked":"Flame Barrier","floor":10},{"not_picked":["Body Slam+1","Carnage+1"],"picked":"Pommel Strike+1","floor":13},{"not_picked":["Demon Form","Barricade"],"picked":"Brutality","floor":16},{"not_picked":["True Grit","Feel No Pain"],"picked":"Shockwave","floor":18},{"not_picked":["Cleave+1","Warcry"],"picked":"Evolve","floor":20},{"not_picked":["Infernal Blade","Inflame"],"picked":"Feel No Pain","floor":21},{"not_picked":["Perfected Strike+1","Reckless Charge+1"],"picked":"Disarm","floor":25},{"not_picked":["Thunderclap+1","Warcry+1"],"picked":"Impervious","floor":27},{"not_picked":["Warcry","Iron Wave+1"],"picked":"Pommel Strike+1","floor":29},{"not_picked":["Iron Wave+1","Sentinel","Blood for Blood+1"],"picked":"SKIP","floor":30},{"not_picked":["Havoc","Wild Strike+1","Thunderclap+1"],"picked":"SKIP","floor":31},{"not_picked":["Demon Form","Immolate+1"],"picked":"Corruption","floor":33},{"not_picked":["Wild Strike+1","Warcry","Clash+1"],"picked":"SKIP","floor":35},{"not_picked":["Pommel Strike+1","Spot Weakness"],"picked":"True Grit+1","floor":36},{"not_picked":["Panacea","Enlightenment"],"picked":"Magnetism","floor":37},{"not_picked":["PanicButton","Flash of Steel+1","Deep Breath"],"picked":"SKIP","floor":37},{"not_picked":["Transmutation","Trip","Panacea"],"picked":"SKIP","floor":37},{"not_picked":["Ghostly Armor","Cleave+1","Clash+1"],"picked":"SKIP","floor":38},{"not_picked":["Perfected Strike+1","Pummel+1"],"picked":"Feed+1","floor":39},{"not_picked":["Perfected Strike+1","Thunderclap+1"],"picked":"Fiend Fire+1","floor":39},{"not_picked":["Pommel Strike+1","Twin Strike+1"],"picked":"Shrug It Off","floor":39},{"not_picked":["Flex","Anger+1"],"picked":"Pommel Strike+1","floor":39},{"not_picked":["Armaments","Anger+1","Headbutt+1"],"picked":"SKIP","floor":39},{"not_picked":["Immolate+1","Disarm+1"],"picked":"Shockwave","floor":40},{"not_picked":["Clothesline+1","Rage","Whirlwind+1"],"picked":"SKIP","floor":44},{"not_picked":["Armaments","Clash+1","Combust"],"picked":"SKIP","floor":45},{"not_picked":["Sword Boomerang+1","Clash+1","Limit Break"],"picked":"SKIP","floor":48},{"not_picked":["Sword Boomerang+1","Heavy Blade+1","Perfected Strike+1"],"picked":"SKIP","floor":55}],"player_experience":13095620,"relics_obtained":[{"floor":7,"key":"Pantograph"},{"floor":9,"key":"TungstenRod"},{"floor":10,"key":"Molten Egg 2"},{"floor":12,"key":"Whetstone"},{"floor":27,"key":"Darkstone Periapt"},{"floor":30,"key":"MawBank"},{"floor":36,"key":"Ginger"},{"floor":38,"key":"Peace Pipe"},{"floor":40,"key":"Kunai"},{"floor":42,"key":"Mummified Hand"},{"floor":43,"key":"Smiling Mask"},{"floor":45,"key":"Eternal Feather"},{"floor":48,"key":"Potion Belt"},{"floor":55,"key":"Calipers"}],"event_choices":[{"cards_removed":["Iron Wave"],"damage_healed":0,"gold_gain":0,"player_choice":"Gave Card","damage_taken":0,"relics_obtained":["Charon\u0027s Ashes"],"max_hp_gain":0,"max_hp_loss":0,"event_name":"WeMeetAgain","floor":2,"gold_loss":0},{"damage_healed":0,"gold_gain":75,"player_choice":"Gather Gold","damage_taken":11,"max_hp_gain":0,"max_hp_loss":0,"event_name":"World of Goop","floor":3,"gold_loss":0},{"damage_healed":0,"gold_gain":0,"player_choice":"1 cards matched","damage_taken":0,"max_hp_gain":0,"max_hp_loss":0,"event_name":"Match and Keep!","floor":11,"gold_loss":0,"cards_obtained":["Immolate"]},{"damage_healed":0,"gold_gain":0,"player_choice":"1 cards matched","damage_taken":0,"max_hp_gain":0,"max_hp_loss":0,"event_name":"Match and Keep!","floor":11,"gold_loss":0,"cards_obtained":["Immolate"]},{"damage_healed":0,"gold_gain":0,"player_choice":"Ignored","damage_taken":0,"max_hp_gain":0,"max_hp_loss":0,"event_name":"The Mausoleum","floor":19,"gold_loss":0},{"damage_healed":0,"gold_gain":0,"player_choice":"Bought 0 Potions","damage_taken":0,"max_hp_gain":0,"max_hp_loss":0,"event_name":"The Woman in Blue","floor":22,"gold_loss":0},{"damage_healed":0,"gold_gain":0,"cards_transformed":["Strike_R"],"player_choice":"Transformed","damage_taken":0,"max_hp_gain":0,"max_hp_loss":0,"event_name":"Transmorgrifier","floor":24,"gold_loss":0,"cards_obtained":["Dark Embrace"]},{"damage_healed":0,"gold_gain":0,"player_choice":"Shed Blood","damage_taken":24,"max_hp_gain":5,"max_hp_loss":0,"event_name":"Forgotten Altar","floor":28,"gold_loss":0},{"damage_healed":0,"gold_gain":0,"player_choice":"Fight","damage_taken":0,"max_hp_gain":0,"max_hp_loss":0,"event_name":"MindBloom","floor":36,"gold_loss":0},{"damage_healed":0,"gold_gain":0,"player_choice":"Memory 3","damage_taken":10,"max_hp_gain":0,"max_hp_loss":0,"event_name":"SensoryStone","floor":37,"gold_loss":0},{"damage_healed":0,"gold_gain":0,"player_choice":"Fight","damage_taken":0,"max_hp_gain":0,"max_hp_loss":0,"event_name":"Mysterious Sphere","floor":38,"gold_loss":0},{"damage_healed":0,"gold_gain":0,"player_choice":"Ignored","damage_taken":0,"max_hp_gain":0,"max_hp_loss":0,"event_name":"Tomb of Lord Red Mask","floor":41,"gold_loss":0},{"cards_removed":["Feed"],"damage_healed":0,"gold_gain":0,"player_choice":"Removed Attack","damage_taken":0,"max_hp_gain":0,"max_hp_loss":0,"event_name":"Falling","floor":46,"gold_loss":0}],"is_beta":false,"boss_relics":[{"not_picked":["Runic Cube","Astrolabe"],"picked":"Velvet Choker"},{"not_picked":["Cursed Key","Sozu"],"picked":"Mark of Pain"}],"items_purged_floors":[14,39,54],"is_endless":false,"potions_floor_spawned":[1,5,10,21,27,31,33,36,44],"ascension_level":20,"potion_discard_per_floor":[[],[],[],[],[],[],[],[],[],[],[],[],[],[],[],[],[],[],[],[],["FairyPotion"],[],[],[],[],[],["EssenceOfSteel"],[],[],[],[],[],[],[],[],[],[],[],[],[],[],[],[],[],[],[],[],[],[],[],[],[],[],[],[],["FearPotion"],[]]}